2080 2682
892 150 1054 180 εει.-
1085 130 1213 191 (86)
1240 150 1399 182 ἔξει

338 251 487 307 vtique
525 249 582 293 est
615 248 736 306 prior
772 248 908 293 nostra
943 249 1102 294 solutio
1138 263 1194 294 ex
1230 249 1394 293 faetore.
1435 245 1559 292 finito
1594 246 1819 303 conclusa,
1872 249 1952 294 sci·

338 317 441 358 licet
477 325 632 356 tza.
715 313 829 371 Quia
867 325 1010 358 autem
1055 325 1226 358 naturae
1264 315 1325 357 rei
1359 323 1590 370 repugnat,
1631 313 1837 359 constanti
1873 328 1950 371 per

338 381 673 436 integrationem
708 380 913 435 ingreffae
967 395 989 423 c
1030 382 1224 423 valorem
1260 380 1511 422 variabilem
1541 386 1572 435 p
1608 379 1769 435 tribui,
1811 381 1951 423 neuti-

339 459 468 502 quam
504 445 662 497 video‚
716 446 944 499 quomodo
980 446 1066 486 dici
1112 454 1261 498 queat,
1314 444 1576 488 solutionem
1621 445 1740 488 illam
1784 445 1950 489 finitam

338 520 480 551 tza
514 509 560 552 in
595 509 852 564 aequatione
889 509 1089 564 integrali
1125 508 1356 558 contineri.

531 605 568 661 §.
609 608 682 648 26.
752 605 924 648 Deinde
961 606 1091 648 etiam
1122 606 1289 647 nullam
1332 604 1546 648 rationem
1588 607 1825 667 perspicio,
1878 618 1955 651 cut

332 671 535 726 aequatio
579 670 818 726 integralis,
865 681 1096 726 antequam
1139 671 1348 713 constanti
1383 684 1405 712 c
1439 671 1697 715 variabilitas
1734 673 1954 728 tribuitur,

334 737 387 779 ab
423 737 743 779 irrationalitate
779 736 949 778 liberari
983 737 1155 778 debeat.
1220 735 1267 779 Si
1303 736 1418 777 enim
1455 736 1542 778 hoe
1576 738 1838 794 principium
1872 738 1957 780 im,

335 802 521 844 mediate
557 802 772 858 applicare
809 801 1050 854 vellemus,
1099 799 1321 856 ipsamque
1353 802 1661 857 aequationem
1695 803 1956 859 integralem

334 867 479 922 primo
521 867 741 908 inuentam
787 866 1103 919 differentiam,
1155 865 1406 914 coefficiens
1448 866 1577 922 ipsius
1615 865 1675 909 ac
1709 870 1825 909 foret
1858 865 1955 910 vni-

334 941 425 984 tas‚
479 932 592 972 vnde
629 930 738 972 nihil
772 929 898 985 plane
935 930 1196 985 sequeretur.
1283 930 1575 975 Praetermiffa
1609 942 1755 975 autem
1799 933 1957 975 reduc-

333 996 453 1037 tione
489 996 539 1037 ad
577 994 911 1037 rationalitatem
947 996 1027 1037 hac
1064 996 1229 1037 ratione
1265 997 1478 1053 quicquid
1525 998 1717 1041 lubuerit
1745 997 1957 1040 concludi

334 1060 485 1118 poffet.
555 1059 600 1104 Si
645 1059 763 1101 enim
807 1060 1010 1114 aequatio
1046 1060 1256 1114 integrata
1291 1062 1373 1103 hac
1409 1063 1553 1104 forma
1587 1064 1955 1120 repraesentetur:

523 1135 1377 1195 P÷q÷ff(aa—‘35)-c÷qv

333 1217 571 1291 sumtisque
623 1218 824 1272 vtrinque
871 1218 1086 1271 quadratis
1131 1218 1440 1260 differentiatio
1485 1218 1749 1273 instituatur,
1802 1206 1959 1263 coeffi-

333 1283 449 1325 ciens
485 1281 614 1337 ipsius
653 1279 719 1324 ὂι·
760 1282 841 1323 erit
881 1295 904 1320 2
929 1282 1129 1335 (c÷q)‚
1182 1283 1296 1323 vnde
1334 1283 1562 1324 deducitur
1605 1296 1844 1341 c:—q²
1880 1282 1957 1346 qui

331 1349 454 1391 valor
487 1348 532 1390 in
566 1346 653 1404 ipsa
687 1346 947 1403 aequatione
983 1345 1182 1402 integrali
1216 1347 1461 1391 substitutus
1497 1348 1620 1391 daret

525 1423 1223 1483 p÷1l(aa-tt>:—q‚

333 1505 408 1548 vbi
450 1516 475 1559 q
519 1503 726 1545 denotare
770 1503 908 1560 posset
953 1503 1218 1546 funtstionem
1262 1516 1568 1579 quamcunque
1610 1502 1885 1547 variabilium
1923 1508 1959 1559 p

335 1579 379 1611 et
414 1578 443 1611 t.
510 1568 693 1611 Nemini
727 1579 873 1612 autem
908 1569 951 1611 in
987 1579 1180 1611 mentem
1213 1570 1362 1612 venire
1397 1569 1562 1626 poterit
1606 1568 1736 1612 talem
1773 1568 1959 1614 solutio·

336 1647 438 1677 nem
472 1633 754 1690 problematis
790 1635 1036 1676 admittere.

525 1729 563 1783 ᾗ.
605 1742 678 1783 27.
746 1727 930 1771 Nullum
966 1738 1107 1772 autem
1144 1727 1201 1770 est
1237 1728 1442 1783 dubium,
1497 1727 1595 1784 quia
1629 1727 1695 1771 vir
1729 1728 1797 1771 111.
1834 1740 1958 1772 men·

338 1804 423 1838 tem
460 1793 576 1836 suam
612 1807 699 1836 non
736 1794 832 1836 satis
869 1795 981 1836 clare
1017 1794 1288 1849 exposuerit,
1324 1805 1397 1837 aut
1433 1795 1640 1850 quasdam
1678 1795 1866 1837 rationes
1901 1795 1957 1838 ad

336 1859 670 1914 intelligendum
725 1860 969 1902 necessarias
1023 1859 1276 1914 reticuerit,
1339 1873 1440 1914 quas
1497 1860 1703 1915 equidem
1755 1859 1955 1915 supplere

337 1939 425 1967 non
461 1924 614 1976 valeo,
651 1924 764 1966 vnde
799 1924 976 1967 vberior
1009 1925 1244 1980 explicatio
1281 1924 1406 1979 super
1441 1925 1526 1968 hoc
1563 1938 1683 1967 nouo
1719 1924 1956 1981 principio,

337 1992 380 2032 in
419 2003 506 2046 quo
542 1989 610 2031 Ill.
634 1990 800 2032 Auc'tor
834 1991 943 2033 adeo
981 1991 1141 2045 insigne
1179 1989 1528 2046 supplementum
1562 1991 1747 2035 vniuerfi
1783 1987 1954 2036 Calculi

337 2054 560 2113 integralis
597 2056 840 2109 constituit,
877 2057 1065 2099 maxime
1102 2057 1216 2098 foret
1250 2057 1454 2112 optanda.

764 2197 1513 2224 π

1807 2304 1952 2352 PRO-
