2080 2682
1065 101 1220 160 (318)
1253 121 1406 136 —-

533 217 571 274 ᾖ.
610 228 653 268 3.
718 213 950 258 Permultis
987 218 1294 274 experimentis
1333 216 1548 273 sequentia
1585 219 1746 274 reperi:

376 330 438 386 ι.)
474 328 689 380 Acetum,
724 336 795 381 vt,
831 328 1202 373 vehementiffimo
1239 331 1388 384 frigori
1426 330 1694 386 expositum,
1727 330 1942 383 crystallo-v

526 404 627 436 'rum
665 394 916 436 formationi
951 406 1097 450 aptum
1133 397 1206 448 fit,
1245 396 1496 438 fortitudine
1533 398 1581 438 ad
1621 396 1847 438 minimum
1888 411 1942 449 29

532 459 604 501 vel
651 472 709 510 30
755 462 966 513 graduum
1010 461 1177 515 pollere
1225 460 1368 502 debet.
1457 461 1721 502 Huiusmodi
1776 473 1945 504 acetum

533 523 846 576 crystallisabile
892 538 980 566 non
1027 525 1100 566 nifi
1149 526 1312 579 frigore
1354 538 1441 577 190
1486 527 1556 567 vel
1605 540 1688 578 195
1736 531 1945 582 graduum

533 590 679 634 Scalae
719 590 771 632 de
808 591 1021 633 Lislianae
1059 590 1277 644 crystallos
1313 601 1512 646 generat:
1560 604 1645 645 quo
1684 594 1836 634 fortius
1873 606 1948 634 ve-

535 669 586 697 ro
624 657 708 698 hoc
746 668 914 699 acetum
950 657 1033 709 est,
1086 670 1140 698 eo
1178 656 1317 698 minus
1357 658 1406 698 ad
1445 657 1834 709 crystallisationem
1873 657 1948 699 fri-

532 735 611 776 gus
635 721 783 775 exigit.
851 722 980 764 Vnde
1016 722 1179 777 liquet,
1214 735 1390 763 omnem
1424 723 1482 764 rei
1521 723 1736 764 cardinem
1766 726 1826 765 ad»
1844 737 1947 764 con-

533 787 769 829 ficiendum
804 799 972 828 acetum
1021 788 1199 842 glaciale
1235 789 1276 828 in
1313 801 1367 829 eo
1404 788 1600 842 inprimis
1638 789 1771 843 verti,
1824 799 1869 830 vt
1904 804 1947 831 a·

534 863 630 894 ceto
668 852 801 895 dictus
839 854 1204 896 concentrationis
1241 855 1397 908 gradus
1434 854 1705 896 concilietur.

375 958 440 1014 2.)
484 958 612 1002 Aceti
648 961 838 1015 glacialis
876 960 1116 1002 debiliffimi
1157 961 1368 1003 fortitudo
1404 963 1455 1004 acl
1493 962 1721 1003 minimum
1759 975 1818 1014 42
1856 974 1949 1016 gra-

536 1027 669 1065 duum
708 1027 787 1066 effe
825 1027 980 1074 debet3
1037 1027 1222 1068 maxima
1259 1041 1364 1069 vero
1404 1039 1463 1079 54
1497 1029 1707 1082 graduum
1753 1028 1833 1079 est,
1888 1028 1954 1067 vl·

535 1097 598 1131 tra
637 1102 747 1143 quos
784 1090 1081 1131 concentratio
1119 1091 1240 1130 nullo
1278 1093 1413 1131 modo
1449 1093 1613 1131 intendi
1650 1094 1797 1144 potest.
1851 1092 1949 1132 Hoc

534 1155 643 1194 aceti
681 1154 878 1204 acidum,
930 1154 956 1193 fi
996 1155 1272 1207 congelatum
1311 1155 1392 1206 est,
1436 1165 1482 1196 vt
1518 1155 1701 1196 formam
1742 1156 1948 1209 liquidam

533 1227 798 1272 recuperet,
851 1217 1039 1258 calorem
1097 1229 1180 1267 125
1231 1220 1443 1271 graduum
1489 1219 1830 1262 Delislianorum
1876 1233 1951 1262 ex·

530 1282 686 1338 poscit.

377 1388 445 1444 3.)
497 1389 642 1431 Muria
679 1389 813 1441 aceti,
850 1387 933 1430 five
971 1388 1114 1431 reli-'fla
1150 1403 1171 1431 a
1207 1390 1342 1445 prima
1378 1389 1447 1432 vel
1485 1391 1669 1447 secunda
1713 1391 1822 1434 aceti
1859 1403 1954 1443 cry-

535 1455 781 1497 stallisabilis
819 1454 1164 1507 crystallisatione
1211 1470 1304 1510 pars
1342 1456 1531 1510 liquida,
1585 1458 1612 1498 fi
1648 1471 1669 1499 a
1705 1456 1951 1511 phlegmate

531 1520 798 1574 superuacuo
836 1519 1040 1562 leniffima
1077 1520 1359 1563 destillatione
1396 1522 1629 1578 liberetur,
1684 1535 1819 1565 novae
1857 1534 1955 1575 cry-

536 1585 755 1629 stallorum
793 1586 1063 1627 concretioni
1100 1596 1196 1641 apta
1237 1587 1446 1629 redditur.

541 1723 578 1778 ς.
616 1740 660 1776 4.
731 1724 858 1771 Aceti
897 1723 937 1763 in
976 1733 1142 1765 acetum
1181 1724 1491 1777 crystallifabile
1527 1734 1569 1768 et
1604 1725 1781 1780 glaciale
1819 1724 1953 1766 modo

347 1787 454 1830 dieta
499 1789 737 1830 distributio
784 1789 980 1843 quamuis
1025 1791 1212 1843 respectu
1262 1792 1523 1832 fortitudinis
1568 1792 1745 1833 relatiua
1790 1801 1954 1831 tantum

345 1854 420 1904 sit,
457 1855 514 1896 ita
550 1866 596 1895 vt
631 1855 738 1896 aceti
778 1856 944 1896 acidum
985 1855 1198 1895 eiusmodi
1239 1856 1505 1897 fortitudinis
1542 1858 1675 1912 parari
1717 1866 1870 1910 queat,
1900 1856 1953 1896 de

349 1932 463 1972 quo,
500 1932 643 1962 vtrum
682 1931 849 1961 acetum
887 1920 1199 1972 crystallilabile
1240 1922 1534 1975 fortillimum‚
1578 1936 1627 1964 an
1666 1921 1842 1976 glaciale
1880 1921 1955 1960 de·

346 1982 590 2026 biliffimum
629 1987 929 2040 appellandum
977 1985 1046 2036 sit,
1100 1986 1284 2026 dubitari
1335 1996 1484 2041 queat;
1537 1988 1650 2028 varia
1688 1998 1828 2027 tamen
1867 1998 1956 2025 me-

349 2062 517 2103 moratu
564 2051 676 2092 haud
722 2053 895 2105 indigna
940 2051 1050 2091 inter
1096 2064 1143 2092 ea
1188 2052 1460 2092 intercedunt
1504 2052 1770 2102 discrimina,
1821 2061 1954 2102 eaque

347 2127 401 2154 eo
446 2116 739 2170 evidentiora,
797 2130 884 2172 quo
929 2118 1063 2170 tnagis
1110 2127 1228 2159 aecta
1272 2117 1378 2160 haec
1424 2118 1677 2160 fortitudine
1713 2130 1736 2159 a
1770 2116 1810 2157 se
1845 2114 1954 2155 inui-

351 2192 445 2220 cem
482 2181 735 2238 discrepant.

1907 2284 1951 2339 2)
