2080 2682
904 179 1055 193 --
1089 159 1242 217 (276)

356 277 495 334 paries
531 277 578 317 fit
614 273 884 329 communis,
934 287 1005 320 aut
1041 280 1203 332 septum
1241 282 1501 328 commune,
1552 275 1754 318 fibrarum
1791 277 1962 335 earum,¹

357 353 432 384 aut
468 341 784 393 fasciculorum,
822 343 1201 395 musculorumue,
1225 344 1297 384 fibi
1337 352 1489 383 mutuo
1525 342 1786 383 vicinorum.
1834 342 1877 385 Si
1911 345 1960 393 fi-

357 407 456 447 brae
494 419 600 464 ergo
637 419 788 447 omnes
825 405 974 447 illaesis
1011 408 1173 461 vaginis
1213 408 1378 448 extrahi
1416 420 1471 447 ex
1507 407 1556 447 iis
1593 409 1780 461 poffent3
1836 406 1960 449 sectio

354 483 497 511 earum
538 471 732 512 alueolos
769 472 914 526 potius
954 484 1080 527 quam
1117 472 1322 513 distinctas
1360 471 1651 527 separatusque
1686 473 1858 526 vaginas
1894 484 1961 513 re-

351 535 650 590 praesentaret.

550 668 639 709 Has
677 668 847 723 vaginas
888 677 1103 710 caeterum
1143 669 1434 710 musculorum
1471 667 1778 723 fibrarumque,
1806 667 1964 722 pariter

350 743 398 772 ac
434 732 598 774 tunicas
637 734 859 774 cellulosas
897 735 1169 786 arteriarum,
1208 748 1437 786 venarum,
1483 734 1804 786 intestinorum,
1857 746 1964 773 ven-

349 798 518 848 triculi,
556 800 829 853 partiumque
868 799 1070 849 aliarum,
1108 809 1246 853 partes
1287 801 1365 840 effe
1403 799 1651 852 organicas,
1687 812 1741 839 ex
1777 797 1962 839 cellulo-

346 860 388 902 sa
425 862 645 904 substantia
685 864 914 914 formatas,
968 862 1091 903 facile
1129 874 1258 917 patet.
1343 864 1491 917 Atque
1530 864 1628 903 inde
1665 876 1795 917 porro
1832 862 1962 903 intel-

346 926 517 980 ligitur,
572 928 769 968 alueolos
805 928 933 980 illos,
970 929 1128 969 etiamfi
1166 930 1348 983 exiguos
1388 929 1615 980 fibrarum,
1671 928 1784 969 haud
1822 928 1958 980 magis

346 999 515 1043 tamen,
563 1006 688 1044 quam
729 991 1029 1033 fasciculorum
1068 993 1252 1043 alneoli,
1308 1005 1378 1035 aut
1413 997 1589 1047 vaginae
1628 992 1920 1033 musculorum
1944 1021 1960 1045 ‚

345 1068 489 1110 neque
535 1057 669 1109 magis
729 1069 853 1109 quam
901 1058 1068 1096 tunicae
1124 1059 1350 1098 cellnlosae
1400 1062 1593 1099 vasorum
1647 1069 1687 1098 et
1741 1057 1960 1097 intestino-

343 1133 476 1172 rum,
523 1133 620 1160 cum
669 1120 839 1160 creditis
880 1120 998 1160 cellis
1038 1121 1267 1160 cellulolae
1322 1121 1567 1160 substantiae
1623 1122 1957 1162 confundendos

345 1184 441 1223 effe.
530 1184 574 1226 Si
620 1183 840 1224 substantia
886 1186 1134 1236 vaginarum
1181 1187 1247 1225 sua
1293 1196 1438 1225 natura
1485 1184 1686 1225 ccllulosa
1723 1184 1955 1233 existeret;

343 1248 521 1288 laminas
569 1247 841 1301 parietesque
879 1248 1127 1299 vaginarum
1173 1247 1278 1300 ipsas
1318 1249 1520 1287 cellarum
1568 1250 1713 1300 plenas
1751 1250 1858 1299 effe,
1913 1258 1956 1288 et

345 1312 533 1354 constare
570 1312 752 1353 lamellis
793 1311 1057 1363 minoribus,
1094 1321 1331 1365 oporteret.
1401 1311 1567 1352 Verum
1606 1312 1783 1364 vaginae
1820 1322 1861 1350 et
1896 1312 1958 1353 la-

343 1379 485 1419 minae
522 1379 704 1418 omnino
742 1378 972 1418 continuae
1009 1377 1285 1431 integraeque
1325 1386 1366 1416 et
1403 1376 1600 1428 aequales
1638 1377 1759 1427 sunt,
1813 1388 1954 1428 neque

340 1443 492 1484 vmbra
528 1443 569 1483 in
606 1443 655 1483 iis
693 1451 764 1483 aut
800 1442 895 1495 pori
933 1441 1140 1493 alicuius,
1197 1452 1267 1482 aut
1304 1441 1462 1489 cellae,
1500 1452 1569 1481 aut
1605 1440 1828 1492 lamellae,
1867 1441 1951 1482 flue

341 1508 512 1549 armatis
550 1508 634 1549 siue
670 1507 905 1548 inermibus
944 1507 1081 1550 oculis
1121 1517 1308 1560 apparet.
1384 1507 1552 1546 Moneo
1591 1507 1719 1556 hacc,
1756 1518 1807 1545 ue
1846 1519 1953 1547 con-

340 1572 448 1614 fufio
485 1586 627 1614 rerum
668 1571 927 1613 diuersarum
966 1584 1127 1612 nouum
1167 1584 1355 1612 errorem
1394 1572 1579 1611 inducat.
1650 1571 1761 1611 Nam
1802 1571 1852 1611 ad
1890 1571 1956 1625 ip.-

339 1638 430 1678 sum
468 1638 595 1677 etiam
634 1638 858 1689 antiquum
899 1636 1006 1676 telae
1046 1637 1273 1676 cellulosae
1312 1649 1499 1675 errorem
1539 1635 1650 1675 haud
1695 1648 1841 1688 parum
1881 1649 1953 1676 va-

339 1702 463 1756 ginae
501 1702 597 1743 illae
635 1701 854 1754 fibrarum,
889 1700 1178 1756 laminaeque,
1217 1701 1342 1742 fibras
1370 1701 1691 1754 distinguentes,
1729 1700 1949 1743 contulisse

338 1767 552 1808 videntur.

530 1897 665 1941 Solita
711 1897 826 1939 enim
881 1898 1212 1952 praeparationis
1269 1898 1559 1940 musculorum
1614 1898 1948 1952 phaenomena,

343 1973 451 2016 quae
489 1966 703 2004 neminem
747 1963 919 2013 quidem
970 1965 1090 2017 plane
1139 1966 1291 2016 lavere,
1346 1966 1521 2006 minii-ue
1561 1977 1699 2004 tamen
1739 1964 1830 2005 latis
1869 1964 1947 2004 ob-

338 2026 497 2067 seruata
533 2039 575 2068 et
611 2029 896 2079 considerata,
934 2030 1012 2068 eti‘e
1050 2030 1273 2079 videntur,
1331 2044 1408 2070 vna
1447 2044 1543 2070 cum
1590 2029 1670 2069 filis
1711 2029 1820 2080 illis',
1857 2040 1944 2069 arte

337 2092 584 2145 productis,
639 2107 826 2135 errorem
882 2094 1030 2133 animis-
1080 2095 1285 2135 induiffe
1339 2107 1458 2149 puto.
1562 2094 1602 2137 Si
1653 2097 1941 2146 integrm-‚enta

342 2159 613 2210 communia,
642 2161 748 2199 cutis
787 2173 881 2199 cum
921 2159 1039 2198 omni
1078 2164 1197 2212 adipe
1236 2172 1278 2200 et
1315 2174 1410 2200 cum
1451 2160 1652 2200 cellulosa
1692 2159 1832 2207 owni,
1860 2167 1939 2207 qua

338 2221 539 2262 musculis
576 2226 702 2276 adeps
741 2225 898 2265 annecti
926 2238 996 2274 ur,
1053 2238 1098 2265 ea
1136 2227 1298 2265 ratiove
1345 2225 1571 2266 secuudum
1621 2222 1934 2263 lousa-udinem

339 2282 541 2327 fibrarum
579 2303 599 2330 a
636 2291 834 2332 musculi>
873 2290 1121 2345 soluuntur,
1174 2302 1219 2331 rt
1255 2293 1402 2332 cadem
1450 2292 1527 2332 hac
1568 2304 1643 2330 vna
1682 2285 1929 2340 opcr:¹?‘¹'0¹‘20

1793 2359 1930 2388 conti·
