<?xml version="1.0" encoding="UTF-8"?>
<!DOCTYPE html PUBLIC "-//W3C//DTD XHTML 1.0 Transitional//EN"
    "http://www.w3.org/TR/xhtml1/DTD/xhtml1-transitional.dtd">
<html xmlns="http://www.w3.org/1999/xhtml" xml:lang="en" lang="en">
 <head>
  <title>
</title>
<meta http-equiv="Content-Type" content="text/html;charset=utf-8" />
  <meta name='ocr-system' content='tesseract 3.04.00' />
  <meta name='ocr-capabilities' content='ocr_page ocr_carea ocr_par ocr_line ocrx_word'/>
</head>
<body>
  <div class='ocr_page' id='page_1' title='image "./novaactaacademia08impe_0351.png"; bbox 0 0 2080 2682; ppageno 0'>
   <div class='ocr_carea' id='block_1_1' title="bbox 655 159 804 168">
    <p class='ocr_par' dir='ltr' id='par_1_1' title="bbox 655 159 804 168">
     <span class='ocr_line' id='line_1_1' title="bbox 655 159 804 168; baseline 0 2514"><span class='ocrx_word' id='word_1_1' title='bbox 655 159 804 168; x_wconf 95' lang='lat' dir='ltr'> </span> 
     </span>
    </p>
   </div>
   <div class='ocr_carea' id='block_1_2' title="bbox 1039 157 1192 167">
    <p class='ocr_par' dir='ltr' id='par_1_2' title="bbox 1039 157 1192 167">
     <span class='ocr_line' id='line_1_2' title="bbox 1039 157 1192 167; baseline 0 2515"><span class='ocrx_word' id='word_1_2' title='bbox 1039 157 1192 167; x_wconf 95' lang='lat' dir='ltr'> </span> 
     </span>
    </p>
   </div>
   <div class='ocr_carea' id='block_1_3' title="bbox 655 117 1192 181">
    <p class='ocr_par' dir='ltr' id='par_1_3' title="bbox 655 117 1192 181">
     <span class='ocr_line' id='line_1_3' title="bbox 655 117 1192 181; baseline -0.007 2"><span class='ocrx_word' id='word_1_3' title='bbox 655 117 1192 181; x_wconf 64' lang='lat'>——-&lt;237&gt;--</span> 
     </span>
    </p>
   </div>
   <div class='ocr_carea' id='block_1_4' title="bbox 125 238 1718 481">
    <p class='ocr_par' dir='ltr' id='par_1_4' title="bbox 125 238 1718 481">
     <span class='ocr_line' id='line_1_4' title="bbox 125 238 1717 299; baseline -0.001 -11"><span class='ocrx_word' id='word_1_4' title='bbox 125 242 241 288; x_wconf 83' lang='lat' dir='ltr'>xime</span> <span class='ocrx_word' id='word_1_5' title='bbox 286 242 568 299; x_wconf 80' lang='lat' dir='ltr'>praeterlapso</span> <span class='ocrx_word' id='word_1_6' title='bbox 611 242 738 284; x_wconf 81' lang='lat' dir='ltr'>etiam</span> <span class='ocrx_word' id='word_1_7' title='bbox 781 241 893 284; x_wconf 85' lang='lat' dir='ltr'>inter</span> <span class='ocrx_word' id='word_1_8' title='bbox 936 242 1047 284; x_wconf 87' lang='lat' dir='ltr'>lusus</span> <span class='ocrx_word' id='word_1_9' title='bbox 1094 238 1326 284; x_wconf 86' lang='lat' dir='ltr'>iuuentutis</span> <span class='ocrx_word' id='word_1_10' title='bbox 1368 238 1717 298; x_wconf 82' lang='lat' dir='ltr'>Petropolitanae</span> 
     </span>
     <span class='ocr_line' id='line_1_5' title="bbox 126 307 1718 364; baseline -0.001 -13"><span class='ocrx_word' id='word_1_11' title='bbox 126 323 203 364; x_wconf 88' lang='lat' dir='ltr'>per</span> <span class='ocrx_word' id='word_1_12' title='bbox 247 310 421 364; x_wconf 81' lang='lat' dir='ltr'>aliquod</span> <span class='ocrx_word' id='word_1_13' title='bbox 464 319 628 360; x_wconf 86' lang='lat' dir='ltr'>tempus</span> <span class='ocrx_word' id='word_1_14' title='bbox 673 308 871 361; x_wconf 82' lang='lat' dir='ltr'><strong>receptis.</strong></span> <span class='ocrx_word' id='word_1_15' title='bbox 960 308 1112 349; x_wconf 86' lang='lat' dir='ltr'>Motus</span> <span class='ocrx_word' id='word_1_16' title='bbox 1166 308 1294 361; x_wconf 81' lang='lat' dir='ltr'>igitur</span> <span class='ocrx_word' id='word_1_17' title='bbox 1345 307 1470 348; x_wconf 87' lang='lat' dir='ltr'>huius</span> <span class='ocrx_word' id='word_1_18' title='bbox 1525 310 1718 363; x_wconf 87' lang='lat' dir='ltr'>corporis</span> 
     </span>
     <span class='ocr_line' id='line_1_6' title="bbox 127 372 1716 428; baseline 0.001 -13"><span class='ocrx_word' id='word_1_19' title='bbox 127 375 422 428; x_wconf 83' lang='lat' dir='ltr'>phaenomena</span> <span class='ocrx_word' id='word_1_20' title='bbox 456 382 499 413; x_wconf 91' lang='lat' dir='ltr'>et</span> <span class='ocrx_word' id='word_1_21' title='bbox 530 372 644 426; x_wconf 82' lang='lat' dir='ltr'>leges</span> <span class='ocrx_word' id='word_1_22' title='bbox 682 384 738 413; x_wconf 82' lang='lat' dir='ltr'>ex</span> <span class='ocrx_word' id='word_1_23' title='bbox 779 373 998 427; x_wconf 85' lang='lat' dir='ltr'>principiis</span> <span class='ocrx_word' id='word_1_24' title='bbox 1044 372 1305 414; x_wconf 85' lang='lat' dir='ltr'>mechanicis</span> <span class='ocrx_word' id='word_1_25' title='bbox 1349 372 1534 416; x_wconf 80' lang='lat' dir='ltr'>breviter</span> <span class='ocrx_word' id='word_1_26' title='bbox 1577 374 1716 416; x_wconf 86' lang='lat' dir='ltr'>deter-</span> 
     </span>
     <span class='ocr_line' id='line_1_7' title="bbox 126 439 316 481; baseline 0 -2"><span class='ocrx_word' id='word_1_27' title='bbox 126 439 316 481; x_wconf 83' lang='lat' dir='ltr'>minabo.</span> 
     </span>
    </p>
   </div>
   <div class='ocr_carea' id='block_1_5' title="bbox 119 524 1720 1155">
    <p class='ocr_par' dir='ltr' id='par_1_5' title="bbox 119 524 1720 1155">
     <span class='ocr_line' id='line_1_8' title="bbox 318 524 1716 579; baseline 0.002 -14"><span class='ocrx_word' id='word_1_28' title='bbox 318 526 352 579; x_wconf 86' lang='lat'>§.</span> <span class='ocrx_word' id='word_1_29' title='bbox 389 538 430 574; x_wconf 82' lang='lat'>3.</span> <span class='ocrx_word' id='word_1_30' title='bbox 501 524 757 579; x_wconf 76' lang='lat' dir='ltr'>Quanquam</span> <span class='ocrx_word' id='word_1_31' title='bbox 802 533 942 566; x_wconf 85' lang='lat' dir='ltr'>autem</span> <span class='ocrx_word' id='word_1_32' title='bbox 988 524 1357 579; x_wconf 84' lang='lat' dir='ltr'>inuestigationem</span> <span class='ocrx_word' id='word_1_33' title='bbox 1400 525 1528 567; x_wconf 90' lang='lat' dir='ltr'>huius</span> <span class='ocrx_word' id='word_1_34' title='bbox 1573 534 1716 568; x_wconf 84' lang='lat' dir='ltr'>motus</span> 
     </span>
     <span class='ocr_line' id='line_1_9' title="bbox 123 589 1720 644; baseline 0.001 -12"><span class='ocrx_word' id='word_1_35' title='bbox 123 603 146 632; x_wconf 87' lang='lat' dir='ltr'>a</span> <span class='ocrx_word' id='word_1_36' title='bbox 181 589 272 632; x_wconf 86' lang='lat' dir='ltr'>casu</span> <span class='ocrx_word' id='word_1_37' title='bbox 307 590 384 630; x_wconf 92' lang='lat' dir='ltr'>illo</span> <span class='ocrx_word' id='word_1_38' title='bbox 419 589 716 643; x_wconf 77' lang='lat' dir='ltr'>simpliciffimo</span> <span class='ocrx_word' id='word_1_39' title='bbox 752 589 996 641; x_wconf 74' lang='lat' dir='ltr'>inchoabo,</span> <span class='ocrx_word' id='word_1_40' title='bbox 1043 603 1173 644; x_wconf 91' lang='lat' dir='ltr'>quem</span> <span class='ocrx_word' id='word_1_41' title='bbox 1216 590 1340 630; x_wconf 88' lang='lat' dir='ltr'>initio</span> <span class='ocrx_word' id='word_1_42' title='bbox 1385 590 1603 644; x_wconf 85' lang='lat' dir='ltr'>descripfi;</span> <span class='ocrx_word' id='word_1_43' title='bbox 1656 601 1720 633; x_wconf 87' lang='lat' dir='ltr'>ta-</span> 
     </span>
     <span class='ocr_line' id='line_1_10' title="bbox 122 654 1717 708; baseline 0.001 -13"><span class='ocrx_word' id='word_1_44' title='bbox 122 668 222 695; x_wconf 87' lang='lat' dir='ltr'>men</span> <span class='ocrx_word' id='word_1_45' title='bbox 274 655 547 708; x_wconf 83' lang='lat' dir='ltr'>praecipuum</span> <span class='ocrx_word' id='word_1_46' title='bbox 601 654 725 693; x_wconf 85' lang='lat' dir='ltr'>huius</span> <span class='ocrx_word' id='word_1_47' title='bbox 772 654 1076 708; x_wconf 83' lang='lat' dir='ltr'>disquisitionis</span> <span class='ocrx_word' id='word_1_48' title='bbox 1122 655 1345 708; x_wconf 82' lang='lat' dir='ltr'>negotium</span> <span class='ocrx_word' id='word_1_49' title='bbox 1389 655 1621 697; x_wconf 77' lang='lat' dir='ltr'>versabitur</span> <span class='ocrx_word' id='word_1_50' title='bbox 1672 656 1717 697; x_wconf 88' lang='lat' dir='ltr'>in</span> 
     </span>
     <span class='ocr_line' id='line_1_11' title="bbox 121 717 1718 772; baseline 0.002 -14"><span class='ocrx_word' id='word_1_51' title='bbox 121 717 335 759; x_wconf 86' lang='lat' dir='ltr'>solutione</span> <span class='ocrx_word' id='word_1_52' title='bbox 371 718 647 772; x_wconf 83' lang='lat' dir='ltr'>problematis</span> <span class='ocrx_word' id='word_1_53' title='bbox 692 717 828 758; x_wconf 90' lang='lat' dir='ltr'>multo</span> <span class='ocrx_word' id='word_1_54' title='bbox 873 718 1154 770; x_wconf 71' lang='lat' dir='ltr'>difficilioris,</span> <span class='ocrx_word' id='word_1_55' title='bbox 1193 732 1279 772; x_wconf 91' lang='lat' dir='ltr'>quo</span> <span class='ocrx_word' id='word_1_56' title='bbox 1315 731 1471 771; x_wconf 88' lang='lat' dir='ltr'>corpus</span> <span class='ocrx_word' id='word_1_57' title='bbox 1508 733 1593 760; x_wconf 93' lang='lat' dir='ltr'>non</span> <span class='ocrx_word' id='word_1_58' title='bbox 1638 720 1718 761; x_wconf 91' lang='lat' dir='ltr'>soli</span> 
     </span>
     <span class='ocr_line' id='line_1_12' title="bbox 121 781 1715 837; baseline 0.001 -14"><span class='ocrx_word' id='word_1_59' title='bbox 121 782 196 823; x_wconf 91' lang='lat' dir='ltr'>suo</span> <span class='ocrx_word' id='word_1_60' title='bbox 233 784 411 837; x_wconf 84' lang='lat' dir='ltr'>ponderi</span> <span class='ocrx_word' id='word_1_61' title='bbox 447 782 725 835; x_wconf 81' lang='lat' dir='ltr'>relinquitur,</span> <span class='ocrx_word' id='word_1_62' title='bbox 763 781 830 823; x_wconf 93' lang='lat' dir='ltr'>sed</span> <span class='ocrx_word' id='word_1_63' title='bbox 868 783 961 825; x_wconf 79' lang='lat' dir='ltr'>data</span> <span class='ocrx_word' id='word_1_64' title='bbox 998 785 1176 837; x_wconf 85' lang='lat' dir='ltr'>quadam</span> <span class='ocrx_word' id='word_1_65' title='bbox 1213 784 1274 835; x_wconf 85' lang='lat' dir='ltr'>vi,</span> <span class='ocrx_word' id='word_1_66' title='bbox 1311 783 1498 836; x_wconf 88' lang='lat' dir='ltr'>datoque</span> <span class='ocrx_word' id='word_1_67' title='bbox 1533 783 1606 824; x_wconf 90' lang='lat' dir='ltr'>sub</span> <span class='ocrx_word' id='word_1_68' title='bbox 1643 797 1715 825; x_wconf 85' lang='lat' dir='ltr'>an-</span> 
     </span>
     <span class='ocr_line' id='line_1_13' title="bbox 123 846 1717 901; baseline 0.001 -14"><span class='ocrx_word' id='word_1_69' title='bbox 123 847 252 901; x_wconf 72' lang='lat' dir='ltr'>gulo,</span> <span class='ocrx_word' id='word_1_70' title='bbox 289 857 457 887; x_wconf 88' lang='lat' dir='ltr'>retento</span> <span class='ocrx_word' id='word_1_71' title='bbox 494 847 627 888; x_wconf 88' lang='lat' dir='ltr'>altero</span> <span class='ocrx_word' id='word_1_72' title='bbox 662 846 721 886; x_wconf 89' lang='lat' dir='ltr'>fili</span> <span class='ocrx_word' id='word_1_73' title='bbox 759 848 969 899; x_wconf 81' lang='lat' dir='ltr'>termino,</span> <span class='ocrx_word' id='word_1_74' title='bbox 1016 848 1265 901; x_wconf 88' lang='lat' dir='ltr'>proiicitur,</span> <span class='ocrx_word' id='word_1_75' title='bbox 1301 856 1369 899; x_wconf 82' lang='lat' dir='ltr'>et,</span> <span class='ocrx_word' id='word_1_76' title='bbox 1404 849 1597 901; x_wconf 86' lang='lat' dir='ltr'>gyrando</span> <span class='ocrx_word' id='word_1_77' title='bbox 1635 850 1717 890; x_wconf 90' lang='lat' dir='ltr'>cir·</span> 
     </span>
     <span class='ocr_line' id='line_1_14' title="bbox 123 911 1716 966; baseline 0.002 -15"><span class='ocrx_word' id='word_1_78' title='bbox 123 923 170 951; x_wconf 81' lang='lat' dir='ltr'>ca</span> <span class='ocrx_word' id='word_1_79' title='bbox 206 924 355 962; x_wconf 73' lang='lat' dir='ltr'>axem,</span> <span class='ocrx_word' id='word_1_80' title='bbox 391 912 431 951; x_wconf 90' lang='lat' dir='ltr'>in</span> <span class='ocrx_word' id='word_1_81' title='bbox 469 912 596 965; x_wconf 88' lang='lat' dir='ltr'>plano</span> <span class='ocrx_word' id='word_1_82' title='bbox 634 911 846 962; x_wconf 71' lang='lat' dir='ltr'>verticali,</span> <span class='ocrx_word' id='word_1_83' title='bbox 884 912 1010 952; x_wconf 60' lang='lat' dir='ltr'>discis</span> <span class='ocrx_word' id='word_1_84' title='bbox 1049 912 1276 966; x_wconf 82' lang='lat' dir='ltr'>parallelo,</span> <span class='ocrx_word' id='word_1_85' title='bbox 1317 925 1393 965; x_wconf 90' lang='lat' dir='ltr'>per</span> <span class='ocrx_word' id='word_1_86' title='bbox 1429 912 1583 953; x_wconf 84' lang='lat' dir='ltr'>lineam</span> <span class='ocrx_word' id='word_1_87' title='bbox 1621 926 1716 954; x_wconf 90' lang='lat' dir='ltr'>cur-</span> 
     </span>
     <span class='ocr_line' id='line_1_15' title="bbox 119 974 1716 1017; baseline 0.001 -2"><span class='ocrx_word' id='word_1_88' title='bbox 119 987 215 1015; x_wconf 85' lang='lat' dir='ltr'>vam</span> <span class='ocrx_word' id='word_1_89' title='bbox 254 975 483 1016; x_wconf 86' lang='lat' dir='ltr'>descendit.</span> <span class='ocrx_word' id='word_1_90' title='bbox 569 974 650 1015; x_wconf 92' lang='lat' dir='ltr'>Pro</span> <span class='ocrx_word' id='word_1_91' title='bbox 688 976 771 1015; x_wconf 87' lang='lat' dir='ltr'>hoc</span> <span class='ocrx_word' id='word_1_92' title='bbox 807 977 920 1015; x_wconf 89' lang='lat' dir='ltr'>enim</span> <span class='ocrx_word' id='word_1_93' title='bbox 958 987 1080 1016; x_wconf 89' lang='lat' dir='ltr'>motu</span> <span class='ocrx_word' id='word_1_94' title='bbox 1117 987 1343 1016; x_wconf 87' lang='lat' dir='ltr'>numerum</span> <span class='ocrx_word' id='word_1_95' title='bbox 1387 977 1716 1017; x_wconf 87' lang='lat' dir='ltr'>reuolutionum</span> 
     </span>
     <span class='ocr_line' id='line_1_16' title="bbox 119 1038 1714 1094; baseline 0.002 -17"><span class='ocrx_word' id='word_1_96' title='bbox 119 1039 341 1091; x_wconf 71' lang='lat' dir='ltr'>corporis,</span> <span class='ocrx_word' id='word_1_97' title='bbox 394 1038 709 1090; x_wconf 82' lang='lat' dir='ltr'>longitudinem</span> <span class='ocrx_word' id='word_1_98' title='bbox 744 1040 956 1090; x_wconf 85' lang='lat' dir='ltr'>portionis</span> <span class='ocrx_word' id='word_1_99' title='bbox 992 1039 1052 1078; x_wconf 91' lang='lat' dir='ltr'>fili</span> <span class='ocrx_word' id='word_1_100' title='bbox 1091 1041 1317 1091; x_wconf 83' lang='lat' dir='ltr'>euolutae‚</span> <span class='ocrx_word' id='word_1_101' title='bbox 1354 1039 1588 1080; x_wconf 80' lang='lat' dir='ltr'>tensionem</span> <span class='ocrx_word' id='word_1_102' title='bbox 1625 1040 1714 1094; x_wconf 92' lang='lat' dir='ltr'>fili,</span> 
     </span>
     <span class='ocr_line' id='line_1_17' title="bbox 120 1101 1713 1155; baseline 0.003 -14"><span class='ocrx_word' id='word_1_103' title='bbox 120 1102 381 1141; x_wconf 79' lang='lat' dir='ltr'>celeritatem</span> <span class='ocrx_word' id='word_1_104' title='bbox 434 1101 734 1153; x_wconf 75' lang='lat' dir='ltr'>progreffiuam</span> <span class='ocrx_word' id='word_1_105' title='bbox 783 1101 824 1139; x_wconf 67' lang='grc' dir='ltr'>δι’</span> <span class='ocrx_word' id='word_1_106' title='bbox 866 1102 1152 1155; x_wconf 73' lang='lat' dir='ltr'>gyratoriam‚</span> <span class='ocrx_word' id='word_1_107' title='bbox 1206 1116 1284 1144; x_wconf 91' lang='lat' dir='ltr'>nec</span> <span class='ocrx_word' id='word_1_108' title='bbox 1341 1116 1427 1144; x_wconf 92' lang='lat' dir='ltr'>non</span> <span class='ocrx_word' id='word_1_109' title='bbox 1484 1116 1638 1145; x_wconf 86' lang='lat' dir='ltr'>curuae</span> <span class='ocrx_word' id='word_1_110' title='bbox 1690 1118 1713 1146; x_wconf 86' lang='lat' dir='ltr'>a</span> 
     </span>
    </p>
   </div>
   <div class='ocr_carea' id='block_1_6' title="bbox 114 1163 1710 1279">
    <p class='ocr_par' dir='ltr' id='par_1_6' title="bbox 114 1163 1710 1279">
     <span class='ocr_line' id='line_1_18' title="bbox 114 1163 1710 1223; baseline 0.004 -19"><span class='ocrx_word' id='word_1_111' title='bbox 114 1165 272 1219; x_wconf 75' lang='lat' dir='ltr'>punc‘to</span> <span class='ocrx_word' id='word_1_112' title='bbox 310 1165 524 1204; x_wconf 67' lang='lat' dir='ltr'>contac‘tus</span> <span class='ocrx_word' id='word_1_113' title='bbox 561 1163 792 1217; x_wconf 80' lang='lat' dir='ltr'>descriptae</span> <span class='ocrx_word' id='word_1_114' title='bbox 829 1167 1101 1207; x_wconf 87' lang='lat' dir='ltr'>coordinatas</span> <span class='ocrx_word' id='word_1_115' title='bbox 1136 1181 1215 1221; x_wconf 92' lang='lat' dir='ltr'>pro</span> <span class='ocrx_word' id='word_1_116' title='bbox 1247 1167 1395 1221; x_wconf 86' lang='lat' dir='ltr'>quauis</span> <span class='ocrx_word' id='word_1_117' title='bbox 1434 1167 1710 1223; x_wconf 84' lang='lat' dir='ltr'>elongatione</span> 
     </span>
     <span class='ocr_line' id='line_1_19' title="bbox 116 1228 876 1279; baseline -0.001 -10"><span class='ocrx_word' id='word_1_118' title='bbox 116 1241 139 1270; x_wconf 82' lang='lat' dir='ltr'>a</span> <span class='ocrx_word' id='word_1_119' title='bbox 172 1230 281 1269; x_wconf 60' lang='lat' dir='ltr'>resta</span> <span class='ocrx_word' id='word_1_120' title='bbox 316 1229 530 1279; x_wconf 64' lang='lat' dir='ltr'>verticuli,</span> <span class='ocrx_word' id='word_1_121' title='bbox 568 1228 876 1268; x_wconf 83' lang='lat' dir='ltr'>determinabo.</span> 
     </span>
    </p>
   </div>
   <div class='ocr_carea' id='block_1_7' title="bbox 113 1322 1896 1973">
    <p class='ocr_par' dir='ltr' id='par_1_7' title="bbox 113 1322 1896 1973">
     <span class='ocr_line' id='line_1_20' title="bbox 310 1322 1896 1381; baseline 0.007 -19"><span class='ocrx_word' id='word_1_122' title='bbox 310 1323 345 1377; x_wconf 60' lang='grc' dir='ltr'>ᾗ.</span> <span class='ocrx_word' id='word_1_123' title='bbox 384 1339 426 1374; x_wconf 82' lang='lat'>4.</span> <span class='ocrx_word' id='word_1_124' title='bbox 464 1323 527 1365; x_wconf 88' lang='lat' dir='ltr'>Sit</span> <span class='ocrx_word' id='word_1_125' title='bbox 555 1323 694 1363; x_wconf 83' lang='lat' dir='ltr'>radius</span> <span class='ocrx_word' id='word_1_126' title='bbox 726 1323 907 1374; x_wconf 90' lang='lat' dir='ltr'>cylindri</span> <span class='ocrx_word' id='word_1_127' title='bbox 937 1322 1073 1366; x_wconf 78' lang='lat' dir='ltr'>CX:</span> <span class='ocrx_word' id='word_1_128' title='bbox 1096 1338 1144 1377; x_wconf 72' lang='lat' dir='ltr'>a,</span> <span class='ocrx_word' id='word_1_129' title='bbox 1180 1324 1322 1366; x_wconf 83' lang='lat' dir='ltr'>radius</span> <span class='ocrx_word' id='word_1_130' title='bbox 1353 1325 1452 1367; x_wconf 88' lang='lat' dir='ltr'>disci</span> <span class='ocrx_word' id='word_1_131' title='bbox 1488 1327 1707 1381; x_wconf 82' lang='lat' dir='ltr'>Vtriusque</span> <span class='ocrx_word' id='word_1_132' title='bbox 1732 1337 1815 1376; x_wconf 86' lang='lat' dir='ltr'>Tab.</span> <span class='ocrx_word' id='word_1_133' title='bbox 1844 1332 1896 1375; x_wconf 88' lang='lat' dir='ltr'>V.</span> 
     </span>
     <span class='ocr_line' id='line_1_21' title="bbox 118 1386 1848 1446; baseline 0.003 -19"><span class='ocrx_word' id='word_1_134' title='bbox 118 1386 330 1440; x_wconf 65' lang='grc' dir='ltr'>(ΖΒ-τὸ,</span> <span class='ocrx_word' id='word_1_135' title='bbox 367 1388 595 1440; x_wconf 81' lang='lat' dir='ltr'>longitudo</span> <span class='ocrx_word' id='word_1_136' title='bbox 632 1389 841 1439; x_wconf 86' lang='lat' dir='ltr'>portionis</span> <span class='ocrx_word' id='word_1_137' title='bbox 878 1389 938 1429; x_wconf 91' lang='lat' dir='ltr'>fili</span> <span class='ocrx_word' id='word_1_138' title='bbox 976 1390 1173 1440; x_wconf 85' lang='lat' dir='ltr'>cylindro</span> <span class='ocrx_word' id='word_1_139' title='bbox 1212 1391 1551 1431; x_wconf 87' lang='lat' dir='ltr'>circumuolutae</span> <span class='ocrx_word' id='word_1_140' title='bbox 1587 1389 1707 1446; x_wconf 76' lang='lat' dir='ltr'>:f‚</span> <span class='ocrx_word' id='word_1_141' title='bbox 1734 1390 1848 1436; x_wconf 80' lang='lat' dir='ltr'>Fig-2-</span> 
     </span>
     <span class='ocr_line' id='line_1_22' title="bbox 113 1451 1709 1510; baseline 0.002 -17"><span class='ocrx_word' id='word_1_142' title='bbox 113 1454 317 1508; x_wconf 67' lang='lat' dir='ltr'>punctum</span> <span class='ocrx_word' id='word_1_143' title='bbox 355 1453 568 1492; x_wconf 66' lang='lat' dir='ltr'>contactus</span> <span class='ocrx_word' id='word_1_144' title='bbox 606 1451 728 1492; x_wconf 93' lang='lat' dir='ltr'>initio</span> <span class='ocrx_word' id='word_1_145' title='bbox 767 1461 909 1493; x_wconf 89' lang='lat' dir='ltr'>motus</span> <span class='ocrx_word' id='word_1_146' title='bbox 947 1453 995 1492; x_wconf 85' lang='lat' dir='ltr'>fit</span> <span class='ocrx_word' id='word_1_147' title='bbox 1029 1454 1069 1493; x_wconf 91' lang='lat' dir='ltr'>in</span> <span class='ocrx_word' id='word_1_148' title='bbox 1099 1454 1154 1494; x_wconf 88' lang='lat' dir='ltr'>A.</span> <span class='ocrx_word' id='word_1_149' title='bbox 1223 1455 1401 1496; x_wconf 81' lang='lat' dir='ltr'>Maffula</span> <span class='ocrx_word' id='word_1_150' title='bbox 1436 1456 1504 1495; x_wconf 91' lang='lat' dir='ltr'>seu</span> <span class='ocrx_word' id='word_1_151' title='bbox 1539 1457 1709 1510; x_wconf 92' lang='lat' dir='ltr'>pondus</span> 
     </span>
     <span class='ocr_line' id='line_1_23' title="bbox 116 1513 1713 1574; baseline 0.002 -16"><span class='ocrx_word' id='word_1_152' title='bbox 116 1518 311 1570; x_wconf 78' lang='lat' dir='ltr'>corporis</span> <span class='ocrx_word' id='word_1_153' title='bbox 347 1526 524 1557; x_wconf 89' lang='lat' dir='ltr'>vocetur</span> <span class='ocrx_word' id='word_1_154' title='bbox 553 1513 598 1556; x_wconf 88' lang='lat' dir='ltr'>M</span> <span class='ocrx_word' id='word_1_155' title='bbox 626 1526 669 1556; x_wconf 90' lang='lat' dir='ltr'>et</span> <span class='ocrx_word' id='word_1_156' title='bbox 705 1527 974 1557; x_wconf 87' lang='lat' dir='ltr'>momentum</span> <span class='ocrx_word' id='word_1_157' title='bbox 1011 1518 1205 1570; x_wconf 76' lang='lat' dir='ltr'>inertiae,</span> <span class='ocrx_word' id='word_1_158' title='bbox 1241 1519 1428 1573; x_wconf 66' lang='lat' dir='ltr'>respecihl</span> <span class='ocrx_word' id='word_1_159' title='bbox 1463 1520 1554 1560; x_wconf 83' lang='lat' dir='ltr'>axis</span> <span class='ocrx_word' id='word_1_160' title='bbox 1588 1533 1713 1574; x_wconf 82' lang='lat' dir='ltr'>gyra·</span> 
     </span>
     <span class='ocr_line' id='line_1_24' title="bbox 115 1579 1708 1635; baseline 0.001 -13"><span class='ocrx_word' id='word_1_161' title='bbox 115 1583 271 1634; x_wconf 78' lang='lat' dir='ltr'>tionis,</span> <span class='ocrx_word' id='word_1_162' title='bbox 314 1580 458 1621; x_wconf 73' lang='lat' dir='ltr'><em>Mkk.</em></span> <span class='ocrx_word' id='word_1_163' title='bbox 527 1579 614 1620; x_wconf 85' lang='lat' dir='ltr'>Iam</span> <span class='ocrx_word' id='word_1_164' title='bbox 652 1581 742 1634; x_wconf 91' lang='lat' dir='ltr'>post</span> <span class='ocrx_word' id='word_1_165' title='bbox 777 1593 946 1635; x_wconf 87' lang='lat' dir='ltr'>tempus</span> <span class='ocrx_word' id='word_1_166' title='bbox 983 1589 999 1620; x_wconf 85' lang='lat' dir='ltr'>t</span> <span class='ocrx_word' id='word_1_167' title='bbox 1035 1583 1298 1624; x_wconf 90' lang='lat' dir='ltr'>minutorum</span> <span class='ocrx_word' id='word_1_168' title='bbox 1336 1583 1619 1624; x_wconf 89' lang='lat' dir='ltr'>secundorum</span> <span class='ocrx_word' id='word_1_169' title='bbox 1656 1583 1708 1625; x_wconf 87' lang='lat' dir='ltr'>ab</span> 
     </span>
     <span class='ocr_line' id='line_1_25' title="bbox 114 1644 1709 1715; baseline 0.001 -28"><span class='ocrx_word' id='word_1_170' title='bbox 114 1647 238 1687; x_wconf 89' lang='lat' dir='ltr'>initio</span> <span class='ocrx_word' id='word_1_171' title='bbox 283 1655 424 1686; x_wconf 87' lang='lat' dir='ltr'>motus</span> <span class='ocrx_word' id='word_1_172' title='bbox 469 1644 655 1698; x_wconf 85' lang='lat' dir='ltr'>elapsum</span> <span class='ocrx_word' id='word_1_173' title='bbox 699 1646 944 1700; x_wconf 88' lang='lat' dir='ltr'>peruenerit</span> <span class='ocrx_word' id='word_1_174' title='bbox 989 1659 1145 1699; x_wconf 87' lang='lat' dir='ltr'>corpus</span> <span class='ocrx_word' id='word_1_175' title='bbox 1191 1649 1232 1687; x_wconf 91' lang='lat' dir='ltr'>in</span> <span class='ocrx_word' id='word_1_176' title='bbox 1271 1647 1334 1698; x_wconf 79' lang='lat' dir='ltr'>X,</span> <span class='ocrx_word' id='word_1_177' title='bbox 1391 1648 1449 1687; x_wconf 84' lang='lat' dir='ltr'>ita</span> <span class='ocrx_word' id='word_1_178' title='bbox 1483 1657 1530 1687; x_wconf 61' lang='lat' dir='ltr'>xt</span> <span class='ocrx_word' id='word_1_179' title='bbox 1563 1649 1709 1715; x_wconf 82' lang='lat' dir='ltr'>portio</span> 
     </span>
     <span class='ocr_line' id='line_1_26' title="bbox 116 1702 1710 1765; baseline 0.001 -14"><span class='ocrx_word' id='word_1_180' title='bbox 116 1709 176 1751; x_wconf 90' lang='lat' dir='ltr'>fili</span> <span class='ocrx_word' id='word_1_181' title='bbox 215 1711 386 1752; x_wconf 84' lang='lat' dir='ltr'>euoluta</span> <span class='ocrx_word' id='word_1_182' title='bbox 421 1710 469 1750; x_wconf 84' lang='lat' dir='ltr'>fit</span> <span class='ocrx_word' id='word_1_183' title='bbox 502 1709 758 1762; x_wconf 77' lang='lat' dir='ltr'>AX:x‚</span> <span class='ocrx_word' id='word_1_184' title='bbox 813 1721 856 1751; x_wconf 90' lang='lat' dir='ltr'>et</span> <span class='ocrx_word' id='word_1_185' title='bbox 889 1709 1029 1764; x_wconf 88' lang='lat' dir='ltr'>posito</span> <span class='ocrx_word' id='word_1_186' title='bbox 1066 1712 1226 1765; x_wconf 82' lang='lat' dir='ltr'>angulo</span> <span class='ocrx_word' id='word_1_187' title='bbox 1262 1702 1597 1764; x_wconf 65' lang='grc' dir='ltr'>ΧΟκ-Ξζβ,</span> <span class='ocrx_word' id='word_1_188' title='bbox 1626 1702 1710 1753; x_wconf 88' lang='lat' dir='ltr'>erit</span> 
     </span>
     <span class='ocr_line' id='line_1_27' title="bbox 116 1772 1708 1829; baseline 0 -12"><span class='ocrx_word' id='word_1_189' title='bbox 116 1788 236 1817; x_wconf 85' lang='lat' dir='ltr'>arcus</span> <span class='ocrx_word' id='word_1_190' title='bbox 272 1774 385 1827; x_wconf 66' lang='lat' dir='ltr'>Xx,</span> <span class='ocrx_word' id='word_1_191' title='bbox 424 1774 491 1816; x_wconf 91' lang='lat' dir='ltr'>cui</span> <span class='ocrx_word' id='word_1_192' title='bbox 526 1773 671 1828; x_wconf 82' lang='lat' dir='ltr'>portio</span> <span class='ocrx_word' id='word_1_193' title='bbox 707 1774 767 1815; x_wconf 90' lang='lat' dir='ltr'>fili</span> <span class='ocrx_word' id='word_1_194' title='bbox 803 1776 902 1817; x_wconf 82' lang='lat' dir='ltr'>XA</span> <span class='ocrx_word' id='word_1_195' title='bbox 940 1775 1147 1829; x_wconf 89' lang='lat' dir='ltr'>applicata</span> <span class='ocrx_word' id='word_1_196' title='bbox 1183 1778 1344 1826; x_wconf 70' lang='lat' dir='ltr'>fuerat,</span> <span class='ocrx_word' id='word_1_197' title='bbox 1382 1772 1708 1829; x_wconf 65' lang='grc' dir='ltr'>-αφῐκ,</span> 
     </span>
     <span class='ocr_line' id='line_1_28' title="bbox 118 1834 1710 1902; baseline 0.001 -22"><span class='ocrx_word' id='word_1_198' title='bbox 118 1841 174 1880; x_wconf 83' lang='lat' dir='ltr'>ita</span> <span class='ocrx_word' id='word_1_199' title='bbox 209 1848 254 1878; x_wconf 90' lang='lat' dir='ltr'>vt</span> <span class='ocrx_word' id='word_1_200' title='bbox 288 1838 334 1879; x_wconf 77' lang='lat' dir='ltr'>fit</span> <span class='ocrx_word' id='word_1_201' title='bbox 368 1836 440 1880; x_wconf 67' lang='lat' dir='ltr'>&amp;x</span> <span class='ocrx_word' id='word_1_202' title='bbox 462 1834 674 1889; x_wconf 68' lang='grc' dir='ltr'>Ξαόφ</span> <span class='ocrx_word' id='word_1_203' title='bbox 709 1848 750 1880; x_wconf 92' lang='lat' dir='ltr'>et</span> <span class='ocrx_word' id='word_1_204' title='bbox 785 1835 1112 1902; x_wconf 52' lang='lat'>33432922.</span> <span class='ocrx_word' id='word_1_205' title='bbox 1192 1841 1272 1882; x_wconf 89' lang='lat' dir='ltr'>His</span> <span class='ocrx_word' id='word_1_206' title='bbox 1309 1840 1463 1883; x_wconf 87' lang='lat' dir='ltr'>notatis</span> <span class='ocrx_word' id='word_1_207' title='bbox 1501 1841 1710 1897; x_wconf 79' lang='lat' dir='ltr'>principia</span> 
     </span>
     <span class='ocr_line' id='line_1_29' title="bbox 119 1914 1193 1973; baseline 0.001 -17"><span class='ocrx_word' id='word_1_208' title='bbox 119 1914 368 1956; x_wconf 82' lang='lat' dir='ltr'>mechanica</span> <span class='ocrx_word' id='word_1_209' title='bbox 404 1914 609 1968; x_wconf 83' lang='lat' dir='ltr'>praebent</span> <span class='ocrx_word' id='word_1_210' title='bbox 645 1914 718 1954; x_wconf 86' lang='lat' dir='ltr'>has</span> <span class='ocrx_word' id='word_1_211' title='bbox 755 1916 856 1957; x_wconf 82' lang='lat' dir='ltr'>duas</span> <span class='ocrx_word' id='word_1_212' title='bbox 892 1916 1193 1973; x_wconf 83' lang='lat' dir='ltr'>aequationes:</span> 
     </span>
    </p>
   </div>
   <div class='ocr_carea' id='block_1_8' title="bbox 325 1986 837 2064">
    <p class='ocr_par' dir='ltr' id='par_1_8' title="bbox 325 1986 837 2064">
     <span class='ocr_line' id='line_1_30' title="bbox 325 1986 837 2054; baseline 0 -43"><span class='ocrx_word' id='word_1_213' title='bbox 325 1991 358 2033; x_wconf 83' lang='lat' dir='ltr'>I</span> <span class='ocrx_word' id='word_1_214' title='bbox 395 1986 746 2054; x_wconf 57' lang='lat' dir='ltr'><em>Mablsz—</em></span> <span class='ocrx_word' id='word_1_215' title='bbox 764 1992 837 2047; x_wconf 67' lang='lat' dir='ltr'>T²</span> 
     </span>
     <span class='ocr_line' id='line_1_31' title="bbox 422 2037 472 2064; baseline 0 -10"><span class='ocrx_word' id='word_1_216' title='bbox 422 2037 472 2064; x_wconf 68' lang='lat' dir='ltr'>gor</span> 
     </span>
    </p>
   </div>
   <div class='ocr_carea' id='block_1_9' title="bbox 310 2068 820 2133">
    <p class='ocr_par' dir='ltr' id='par_1_9' title="bbox 310 2068 820 2133">
     <span class='ocr_line' id='line_1_32' title="bbox 310 2068 820 2133; baseline 0.01 -37"><span class='ocrx_word' id='word_1_217' title='bbox 310 2078 374 2119; x_wconf 75' lang='grc' dir='ltr'><strong>Π</strong></span> <span class='ocrx_word' id='word_1_218' title='bbox 409 2068 820 2133; x_wconf 55' lang='lat' dir='ltr'>lxmam-:bq-</span> 
     </span>
    </p>
   </div>
   <div class='ocr_carea' id='block_1_10' title="bbox 118 2119 1708 2352">
    <p class='ocr_par' dir='ltr' id='par_1_10' title="bbox 118 2119 1708 2352">
     <span class='ocr_line' id='line_1_33' title="bbox 120 2119 1708 2224; baseline 0.001 -17"><span class='ocrx_word' id='word_1_219' title='bbox 120 2167 348 2207; x_wconf 84' lang='lat' dir='ltr'>denotante</span> <span class='ocrx_word' id='word_1_220' title='bbox 387 2166 430 2206; x_wconf 90' lang='grc' dir='ltr'>Τ</span> <span class='ocrx_word' id='word_1_221' title='bbox 442 2119 697 2209; x_wconf 52' lang='lat' dir='ltr'>iednfionem</span> <span class='ocrx_word' id='word_1_222' title='bbox 742 2168 802 2209; x_wconf 87' lang='lat' dir='ltr'>fili</span> <span class='ocrx_word' id='word_1_223' title='bbox 846 2174 951 2223; x_wconf 83' lang='lat' dir='ltr'>et&#39;g</span> <span class='ocrx_word' id='word_1_224' title='bbox 985 2169 1279 2221; x_wconf 78' lang='lat' dir='ltr'>altitudinem,</span> <span class='ocrx_word' id='word_1_225' title='bbox 1333 2181 1410 2224; x_wconf 89' lang='lat' dir='ltr'>per</span> <span class='ocrx_word' id='word_1_226' title='bbox 1447 2179 1574 2223; x_wconf 82' lang='lat' dir='ltr'>quam</span> <span class='ocrx_word' id='word_1_227' title='bbox 1609 2179 1708 2210; x_wconf 87' lang='lat' dir='ltr'>cor·</span> 
     </span>
     <span class='ocr_line' id='line_1_34' title="bbox 118 2231 1488 2286; baseline 0.002 -15"><span class='ocrx_word' id='word_1_228' title='bbox 118 2242 200 2286; x_wconf 86' lang='lat' dir='ltr'>pus·</span> <span class='ocrx_word' id='word_1_229' title='bbox 237 2231 460 2284; x_wconf 85' lang='lat' dir='ltr'>quodlibet</span> <span class='ocrx_word' id='word_1_230' title='bbox 496 2232 634 2286; x_wconf 85' lang='lat' dir='ltr'>primo</span> <span class='ocrx_word' id='word_1_231' title='bbox 673 2233 838 2274; x_wconf 88' lang='lat' dir='ltr'>minuto</span> <span class='ocrx_word' id='word_1_232' title='bbox 875 2234 1061 2276; x_wconf 87' lang='lat' dir='ltr'>secundo</span> <span class='ocrx_word' id='word_1_233' title='bbox 1096 2235 1227 2275; x_wconf 74' lang='lat' dir='ltr'>libere</span> <span class='ocrx_word' id='word_1_234' title='bbox 1264 2234 1488 2275; x_wconf 78' lang='lat' dir='ltr'>delabitur.</span> 
     </span>
     <span class='ocr_line' id='line_1_35' title="bbox 183 2294 1705 2352; baseline -0.001 -15"><span class='ocrx_word' id='word_1_235' title='bbox 183 2294 303 2338; x_wconf 81' lang='lat' dir='ltr'>Noua</span> <span class='ocrx_word' id='word_1_236' title='bbox 321 2296 425 2336; x_wconf 69' lang='lat' dir='ltr'>Acta</span> <span class='ocrx_word' id='word_1_237' title='bbox 442 2299 572 2338; x_wconf 74' lang='lat' dir='ltr'>Acaa.</span> <span class='ocrx_word' id='word_1_238' title='bbox 593 2299 696 2352; x_wconf 77' lang='lat' dir='ltr'>lmp-</span> <span class='ocrx_word' id='word_1_239' title='bbox 714 2298 785 2339; x_wconf 77' lang='lat' dir='ltr'>Sc.</span> <span class='ocrx_word' id='word_1_240' title='bbox 808 2297 851 2338; x_wconf 83' lang='lat'>1.</span> <span class='ocrx_word' id='word_1_241' title='bbox 873 2298 994 2339; x_wconf 75' lang='lat' dir='ltr'>Vm.</span> <span class='ocrx_word' id='word_1_242' title='bbox 1267 2298 1306 2339; x_wconf 86' lang='lat' dir='ltr'>K</span> <span class='ocrx_word' id='word_1_243' title='bbox 1338 2300 1367 2341; x_wconf 84' lang='lat' dir='ltr'>k</span> <span class='ocrx_word' id='word_1_244' title='bbox 1589 2296 1624 2350; x_wconf 58' lang='grc' dir='ltr'>ᾖ.</span> <span class='ocrx_word' id='word_1_245' title='bbox 1665 2306 1705 2347; x_wconf 84' lang='grc' dir='ltr'>ς.</span> 
     </span>
    </p>
   </div>
   <div class='ocr_carea' id='block_1_11' title="bbox 1018 1869 1097 1874">
    <p class='ocr_par' dir='ltr' id='par_1_11' title="bbox 1018 1869 1097 1874">
     <span class='ocr_line' id='line_1_36' title="bbox 1018 1869 1097 1874; baseline 0 0"><span class='ocrx_word' id='word_1_246' title='bbox 1018 1869 1097 1874; x_wconf 95' lang='lat' dir='ltr'> </span> 
     </span>
    </p>
   </div>
   <div class='ocr_carea' id='block_1_12' title="bbox 398 2021 510 2027">
    <p class='ocr_par' dir='ltr' id='par_1_12' title="bbox 398 2021 510 2027">
     <span class='ocr_line' id='line_1_37' title="bbox 398 2021 510 2027; baseline 0 0"><span class='ocrx_word' id='word_1_247' title='bbox 398 2021 510 2027; x_wconf 95' lang='lat' dir='ltr'> </span> 
     </span>
    </p>
   </div>
   <div class='ocr_carea' id='block_1_13' title="bbox 408 2108 599 2114">
    <p class='ocr_par' dir='ltr' id='par_1_13' title="bbox 408 2108 599 2114">
     <span class='ocr_line' id='line_1_38' title="bbox 408 2108 599 2114; baseline 0 0"><span class='ocrx_word' id='word_1_248' title='bbox 408 2108 599 2114; x_wconf 95' lang='lat' dir='ltr'> </span> 
     </span>
    </p>
   </div>
  </div>
 </body>
</html>
