2080 2682
664 168 814 182 ·······
847 155 1000 209 (209)

1489 273 1502 290 1

130 280 174 327 ξ,
226 282 269 315 et
311 274 516 315 summam
560 270 841 312 terminorum
887 269 1152 324 sequentium
1197 281 1332 323 vsque
1375 271 1429 312 ad
1472 288 1520 309 ς-
1570 284 1719 314 reuera

1473 317 1520 336 nn

130 350 188 393 est
220 363 314 403 zo,
338 349 672 402 5772156649‚
709 346 824 387 idem
862 346 1019 387 scilicet
1054 346 1126 387 iile
1164 359 1364 388 numerus
1402 341 1722 403 memorabilis,

130 416 182 458 de
219 428 305 471 quo
342 402 523 455 Eulerus
559 411 805 466 amplissime
841 411 1025 452 disseruit
1059 412 1100 451 in
1139 411 1285 453 nostris
1322 412 1439 455 Ac'tis
1486 413 1587 468 (d).

681 522 1035 567 ARTICVLVS
1103 523 1161 566 Π.

319 600 354 656 §.
397 615 440 652 9.
526 598 647 654 Quae
692 608 907 653 praeterea
954 596 1046 640 Cel.
1093 597 1283 641 Fontana
1328 599 1466 641 adhuc
1510 599 1630 642 affert
1671 599 1713 639 in

126 667 274 710 eadem
319 665 600 707 dissertatione
638 663 739 717 (e),
776 664 886 705 circa
930 662 1255 717 aequalitatem,
1307 664 1378 705 vel
1418 665 1563 718 potius
1598 665 1714 706 inae·

125 732 367 788 qualitatem
408 730 711 783 quantitatum:

337 795 822 847 {÷{÷{÷;÷etc.
1047 826 1059 844 1
1144 828 1154 844 ,
1237 826 1249 844 ,

317 840 336 868 e
860 832 1452 877 et1÷3÷3--i-3—i-etc.‚

124 899 196 941 vbi
241 899 363 941 series
410 900 450 940 in
497 908 740 954 exponente
778 898 833 939 est
869 900 1087 952 reciproca
1131 911 1407 939 numerorum
1445 898 1709 952 primorum,

121 964 249 1006 altera
269 977 373 1006 vero
409 964 464 1005 est
498 964 729 1018 progreffio
766 964 1036 1015 harmonica,
1080 975 1281 1003 numeros
1319 963 1526 1004 naturales
1565 964 1606 1002 iu
1636 963 1711 1002 de-

118 1029 458 1069 nominatoribus
495 1029 677 1077 habens,
733 1028 861 1076 haec,
913 1027 1113 1078 inquam,
1161 1040 1333 1080 quoque
1372 1027 1526 1068 direcffa
1560 1027 1709 1067 riden-

117 1101 185 1132 tur
220 1100 366 1131 contra
402 1090 607 1131 Eulerum
645 1087 745 1142 (s),
799 1088 900 1130 licet
945 1089 1198 1130 nominatim
1247 1090 1360 1132 nulla
1398 1091 1449 1131 de
1486 1103 1540 1132 eo
1589 1103 1708 1131 men-

115 1155 176 1195 tio
219 1154 304 1195 fiat.
389 1154 491 1195 Non
536 1154 671 1195 solum
708 1153 822 1194 enim
860 1153 1150 1195 obiestionum
1199 1157 1367 1207 ametor,
1420 1155 1515 1208 ipfis
1556 1154 1705 1195 Euleri

114 1218 419 1259 characteribus
457 1219 573 1270 vsus,
610 1218 678 1258 sed
712 1217 839 1258 etiam
876 1218 965 1258 eius
1002 1218 1221 1259 ratiocinia
1256 1219 1522 1272 pedetentim
1559 1221 1706 1271 prose-

113 1293 235 1323 cutus
270 1282 339 1322 est.
390 1282 517 1322 Adde
556 1282 670 1335 quod
709 1294 794 1321 non
838 1281 1015 1321 memini
1045 1281 1152 1322 hanc
1181 1281 1476 1336 aequalitatem
1514 1295 1702 1335 vnquam

112 1346 162 1388 ab
207 1345 291 1386 alio
337 1345 568 1387 Geometra
606 1346 812 1399 prolatam
848 1354 891 1385 et
925 1345 1250 1387 demonstratam
1285 1346 1445 1387 vidisse.
1515 1346 1699 1389 Eulerus

111 1420 251 1452 autem
288 1410 329 1449 in
351 1410 643 1450 Theoremate
681 1408 780 1461 suo,
815 1408 916 1449 loco
954 1410 1110 1462 citato,
1146 1410 1187 1450 id
1224 1419 1387 1451 tantum
1423 1411 1581 1451 asserit:
1619 1412 1699 1451 effe

109 1475 313 1515 summam
351 1474 467 1514 seriei
504 1473 747 1526 reciprocae
783 1485 1061 1514 numerorum
1096 1475 1336 1528 primorum
1380 1474 1580 1516 infinities
1618 1475 1698 1515 mi-

109 1550 258 1579 norem
294 1538 396 1578 serie
433 1538 678 1578 harmonica
715 1536 908 1588 naturali,
943 1539 1119 1591 eiusque
1140 1539 1252 1593 quasi
1287 1539 1592 1592 logarithmum
1624 1551 1700 1580 ex-

102 1603 280 1652 hibere,
318 1613 441 1654 quam
479 1601 814 1654 propofitionem
836 1601 961 1641 etiam
985 1600 1222 1643 solidiffime
1258 1603 1480 1656 probauit„
1503 1603 1695 1656 quamuis

107 1667 149 1707 in
188 1665 542 1707 demonstratione
587 1665 678 1716 sua,
721 1664 803 1704 fine
848 1664 932 1705 vlla
976 1666 1235 1717 necessitate,
1281 1668 1330 1707 ad
1377 1668 1696 1719 exponentialia

109 1731 304 1783 confugit
348 1729 551 1782 illamque
596 1731 895 1782 aequationem
941 1729 1146 1782 protulit,
1201 1743 1326 1784 quam
1370 1730 1571 1784 reprobat
1610 1730 1692 1772 ‘CL

102 1795 314 1844 Fontana‚
349 1793 605 1846 argumentis
641 1794 733 1835 satis
772 1792 963 1845 speciosis
1001 1806 1093 1834 eam
1128 1795 1398 1848 impugnans.
1442 1795 1527 1834 Etsi
1565 1795 1695 1848 igitur

104 1858 224 1900 fateri
254 1859 475 1910 cogimur,
510 1858 649 1897 virum
694 1857 981 1898 immortalem
1020 1871 1105 1899 nou
1142 1871 1220 1912 pro
1251 1871 1369 1899 more
1406 1859 1480 1899 suo
1518 1859 1693 1898 euiden-

99 1924 179 1964 tiae
218 1921 524 1975 principiorum
570 1921 850 1973 consuluisse,
896 1921 998 1962 dum
1042 1922 1083 1962 in
1130 1931 1375 1976 exponente
1415 1923 1690 1976 quantitatem

100 1987 263 2029 finitam
308 1998 405 2039 prae
452 1984 636 2037 infinita,
671 1986 828 2038 absque
865 1986 1078 2026 rationum
1115 1987 1428 2041 explicatione,
1465 1986 1688 2040 neglexit:

1548 2061 1688 2092 tamen

149 2149 214 2195 (d)
270 2149 355 2183 Adia
386 2147 482 2182 Acad.
512 2150 592 2193 lmp.
623 2149 672 2183 Sc.
708 2150 788 2184 Pers.
816 2161 876 2195 pro
902 2163 988 2185 anno
1018 2158 1098 2194 1781.
1127 2155 1160 2187 Ρ.
1188 2155 1227 2187 ΙΙ.
1256 2164 1330 2199 pag.
1358 2162 1408 2197 45.

151 2202 210 2246 (e)
261 2201 426 2234 Memorie
453 2208 510 2232 etc.
538 2199 632 2233 Tom
676 2199 721 2231 11.
756 2201 784 2232 P.
817 2201 862 2234 Π.
890 2212 964 2247 pag.
990 2212 1054 2244 134.
1081 2199 1166 2248 seqq.

148 2249 213 2296 (f)
268 2250 508 2286 Connneutarii
535 2246 633 2282 Acad.
664 2250 782 2283 scient.
809 2251 897 2297 Imp.
925 2255 1053 2298 Petrop.
1083 2251 1189 2287 Tom.
1217 2253 1278 2288 IX.
1304 2264 1379 2300 pag.
1412 2256 1478 2293 188.

162 2315 282 2358 Noua
301 2316 406 2357 Aera
424 2314 554 2357 Acad.
577 2314 678 2369 Imp.
699 2314 768 2357 Sc.
789 2314 894 2356 Tom.
919 2316 1039 2358 VIII.
1250 2318 1293 2360 D
1331 2319 1358 2360 d
