2080 2682
889 166 1050 183 ’·--··
1083 148 1208 206 (84)
1241 163 1393 179 ·-··-

814 260 1177 344 'Applicatio
1218 260 1479 343 principii

341 374 444 424 quo
477 357 670 410 Illustris
709 353 770 405 de
802 356 848 407 'la
872 358 1075 423 Grange
1108 358 1325 423 geminas
1361 355 1647 407 huiusmodi
1679 356 1960 410 Problema⁴

493 448 602 487 tum
635 432 905 486 solutiones
941 437 1070 486 inter
1105 436 1154 485 se
1189 434 1448 485 conciliare
1482 436 1551 486 est
1584 434 1800 489 adortus

536 551 573 606 ᾗ.
615 565 688 592 22.
761 551 952 607 Quando
989 551 1148 593 solutio
1186 552 1427 606 cuiuspiam
1470 551 1752 606 problematis
1791 537 1964 604 deducit

339 617 394 660 ad
430 616 684 658 huiusmodi
730 619 1036 672 aequationem
1075 617 1429 658 differentialem:
1474 614 1791 670 Mszo⁷
1828 619 1884 658 ita
1916 625 1965 658 vt

333 683 478 723 ‘faetor
514 682 838 724 finitusMnon
876 697 958 737 pro
995 682 1154 735 lubitu,
1190 682 1260 723 sed
1289 696 1345 723 ex
1380 681 1466 735 ipsa
1500 681 1647 723 indole
1683 681 1964 738 problematis

343 747 579 798 accefferit;
634 757 726 788 tum
779 748 1048 789 manifestum
1097 747 1153 789 est
1199 747 1281 788 tale
1327 747 1556 801 problema
1600 749 1825 789 admittere
1863 748 1966 789 duas

341 812 607 866 solutiones,
644 813 820 853 alteram
858 812 1116 867 aequatione
1153 812 1273 852 finita
1309 812 1510 866 ΜΞΟ,
1548 811 1724 854 alteram
1760 827 1866 855 vero
1901 825 1968 853 ae-

343 878 548 932 quatione
588 877 860 918 differentiali
898 874 1069 918 BV:
1092 889 1120 916 o
1158 886 1422 918 contentam.
1509 877 1593 918 His
1636 879 1768 932 igitur
1809 877 1972 919 casibus

343 942 461 984 nulia
497 941 622 995 plane
660 942 770 983 ratio
809 941 946 993 adest,
986 955 1062 983 cur
1095 942 1218 997 prior
1264 943 1416 983 harum
1454 942 1719 984 solutionum
1755 942 1797 981 iu
1834 942 1976 996 poste-

343 1007 458 1049 riore
496 1007 692 1048 inuoluta
729 1008 809 1047 effe
849 1007 1026 1058 debeat,
1080 1020 1216 1061 aeque
1253 1015 1402 1061 parum
1442 1021 1488 1048 ac
1525 1007 1554 1048 fi
1595 1007 1822 1062 problema
1857 1008 1978 1061 alge-

346 1072 538 1113 braicum
576 1072 650 1112 ad
663 1071 970 1125 aequationem
1008 1071 1204 1123 pluribus
1243 1072 1476 1112 faetoribus
1514 1073 1777 1114 constantem
1812 1073 1974 1126 perdu-

348 1137 432 1188 cit,
470 1136 544 1177 vbi
570 1135 723 1190 finguli
757 1135 936 1177 faetores
969 1135 1140 1176 seoifim
1166 1136 1407 1177 solutiones
1442 1137 1647 1190 praebere
1677 1137 1815 1186 lolent
1848 1136 1974 1180 nullo

345 1202 483 1243 modo
520 1215 542 1242 a
578 1202 617 1242 se
655 1201 843 1241 inuicem
882 1191 1193 1253 dependentes.
1232 1201 1389 1254 Neque
1413 1214 1520 1254 ergo
1559 1199 1625 1241 his
1662 1189 1820 1240 casibus
1855 1200 1973 1255 ptin-

337 1266 510 1322 ·cipium
547 1264 616 1306 Ill.
654 1266 723 1308 de
743 1264 795 1306 la
822 1263 1007 1318 Grange
1028 1265 1073 1319 in
1096 1265 1229 1306 vsum
1265 1266 1413 1322 vocari
1456 1264 1673 1332 poterin,

543 1377 580 1432 §.
620 1390 694 1427 23.
762 1375 1027 1432 Plerumque
1075 1385 1218 1418 autem
1262 1370 1346 1417 vsu'
1383 1348 1533 1417 venire
1575 1361 1711 1429 'so‘le't‘3
1761 1384 1810 1416 vt
1845 1366 1981 1417 faetor

348 1443 422 1485 ille
458 1442 604 1484 finitus
641 1443 695 1483 M
730 1456 818 1483 non
856 1453 1001 1499 aperte
1038 1441 1080 1482 in
1118 1441 1425 1497 aequationem
1469 1441 1646 1483 finale-m
1686 1438 1977 1496 ingrediatur,

349 1509 420 1550 sed
458 1509 662 1561 demum,
700 1508 802 1549 dum
841 1508 1041 1563 aequatio
1079 1507 1347 1561 integrabilis
1393 1506 1643 1562 redditur„
1655 1508 1739 1562 fin
1732 1506 1976 1558 subsidium

350 1574 496 1615 vocari
543 1575 674 1624 solet,
731 1586 820 1627 quo
867 1574 961 1614 casu
1008 1573 1155 1625 vtique
1201 1571 1275 1612 iste
1323 1570 1456 1613 fafior
1502 1574 1617 1611 arcto
1658 1568 1837 1610 vinculo
1875 1581 1975 1609 cum

350 1637 437 1692 ips1
468 1638 722 1691 aequatione
757 1637 1029 1678 differentiali
1068 1637 1291 1676 cohaeret.
1338 1634 1491 1675 Veluti
1526 1626 1556 1672 fi
1592 1637 1851 1684 peruentum
1885 1631 1976 1673 fue-

351 1704 408 1744 rit
443 1704 493 1743 ad
531 1701 781 1742 huiusmodi
820 1700 1123 1754 aequationem
1161 1697 1514 1738 differentialem:
1562 1691 1976 1752 pdx÷qc3ysso‚

355 1781 461 1822 quae
491 1766 640 1822 sponte
677 1766 1010 1820 integr-itionem
1047 1777 1136 1806 non
1173 1762 1434 1812 admmittat‚
1459 1761 1527 1802 sed
1568 1762 1747 1808 demum
1780 1772 1855 1814 per
1885 1761 1975 1804 for-

353 1833 515 1874 mulam
553 1832 605 1872 M
643 1831 773 1872 diuisa
818 1829 1084 1884 integrabilis
1134 1829 1310 1879 euadat,
1364 1836 1455 1866 tum
1501 1826 1618 1865 istam
1669 1827 1974 1883 aequationem

354 1898 440 1940 hoc
478 1898 613 1938 modo
649 1896 954 1950 repraesentari
994 1894 1249 1936 conueniet:
1296 1891 1380 1932 M.
1401 1885 1798 1955 ῬᾶχῖίῖθθΞώῥ
1833 1892 1890 1932 ita
1918 1880 1973 1934 'vt

353 1974 426 2016 hic
471 1974 517 2014 fit
562 1972 652 2016 DV
677 1966 1023 2037 ΞῬΗΓΜ,
1078 1982 1170 2011 tum
1206 1969 1355 2023 vtique
1400 1968 1507 2009 duae
1552 1965 1823 2009 habebuntur
1858 1968 1973 2011 solu-

349 2051 521 2092 tiones:
559 2049 689 2092 altera
725 2050 1046 2101 finitaM-—10‚
1081 2048 1212 2089 altera
1250 2045 1542 2086 differentialis
1578 2040 1970 2113 P³xffq³y:0‚

355 2142 410 2170 ex
448 2141 530 2183 qua
555 2127 821 2185 int-cgiando
858 2126 1049 2168 elicitur:
1096 2114 1465 2194 [ἓίἓῆῑᾶ-ΨΞ
1486 2121 1631 2164 const.
1718 2121 1817 2163 Hoc
1861 2133 1967 2190 ergo

358 2205 451 2245 calu
489 2204 608 2258 piior
643 2204 715 2245 ille
753 2205 885 2246 facstor
919 2202 972 2243 M
1009 2202 1058 2243 ab
1095 2201 1245 2243 indole
1283 2202 1550 2242 functionum
1580 2206 1611 2253 p
1647 2207 1690 2240 et
1723 2214 1747 2253 q
1783 2198 1966 2254 pendet,

358 2278 486 2322 atque
530 2269 793 2328 principium
835 2278 1126 2313 memoratum
1171 2280 1272 2312 eum
1310 2267 1356 2312 in
1391 2266 1522 2310 finem
1565 2267 1856 2369 excogitatugi
1902 2263 1967 2302 vi-

344 2353 352 2359 ,
1845 2337 1964 2384 etur,
