2080 2682
640 137 792 150 --
824 121 978 176 (321)
1010 136 1162 149 -···

297 235 337 291 §-
391 248 433 289 7.
518 232 746 287 Singularis
784 233 909 273 huius
945 234 1177 275 carbonum
1216 235 1483 289 proprietatis
1520 234 1586 289 (ᾖ.
1625 235 1690 288 6.)

106 300 343 355 cognitioni
387 299 628 353 sequentem
676 296 936 337 nouiffimam
983 300 1399 356 pulcherrimamque
1444 301 1549 342 aceti
1585 313 1690 341 con-

106 367 323 409 centrandi
357 374 400 406 et
434 360 726 414 crystallisandi
765 362 1016 403 methodum
1054 365 1206 405 debeo.

393 481 520 524 Aceti
556 481 642 521 vini
680 481 896 533 destinati,
950 495 971 523 a
1007 484 1222 537 particulis
1260 485 1690 538 spirituoso—inflam-

292 547 520 590 mabilibus
557 545 745 598 liberati,
791 548 997 600 quantitas
1035 549 1250 601 quaelibet
1286 551 1444 604 frigore
1482 563 1687 604 quantum

293 612 388 654 fieri
424 610 558 665 potest
593 622 906 651 concentretur.
991 611 1178 652 Acetum
1217 615 1300 654 hoc
1336 627 1687 669 concentratum‚

291 679 417 730 {uper
462 685 650 729 quartam
696 676 928 716 carbonum
983 677 1169 730 pulueris
1222 689 1385 730 partem
1430 693 1484 719 ex
1531 684 1685 722 mariae

291 740 446 781 balneo
489 750 718 788 euocetur,
773 741 912 780 donec
956 753 1007 780 ne
1053 753 1131 780 vna
1170 743 1341 794 quidem
1387 745 1552 796 guttula
1598 758 1687 784 am-

288 804 400 859 plius
447 805 757 845 transcenderit.
842 803 986 844 Postea
1030 815 1186 845 retorta
1222 819 1317 846 cum
1364 819 1606 849 remanente
1642 811 1686 850 in

288 882 337 909 ea
361 868 593 909 carbonum
631 869 807 921 puluere
843 882 990 910 arenae
1028 869 1179 909 balneo
1217 872 1517 925 immergatur,
1555 874 1686 926 ignis-

288 945 372 986 que
408 932 550 973 senfim
588 933 819 986 senfimque
855 943 1071 986 augeatur,
1110 935 1247 974 donec
1284 949 1359 988 per
1397 938 1471 976 tria
1509 937 1683 977 subinde

284 996 495 1051 temporis
541 997 719 1036 secunda
763 1008 880 1049 gutta
921 1009 1085 1050 guttam
1122 1000 1328 1050 sequatur.
1417 1000 1557 1052 Quam
1599 1000 1685 1053 pri-

280 1073 399 1102 mum
433 1060 589 1100 deinde
626 1070 768 1111 guttae
805 1073 879 1112 per
919 1073 974 1098 20
1002 1062 1207 1113 temporis
1245 1062 1423 1102 secunda
1461 1064 1683 1117 decidunt,

280 1132 448 1164 acetum
487 1123 793 1174 crystallisabile
832 1125 1123 1175 transgress‘um
1162 1125 1399 1166 effundatur
1436 1128 1475 1165 in
1501 1128 1680 1168 vitrum:

284 1200 396 1228 nunc
433 1188 546 1226 euim
583 1187 727 1237 liquor
763 1187 892 1237 longe
925 1187 1105 1225 debilior
1141 1187 1340 1239 sequitur.
1412 1189 1521 1230 Vase
1558 1192 1682 1230 refri-

285 1260 451 1302 gerato,
486 1249 719 1288 remanenti
756 1249 795 1288 in
832 1259 988 1289 retorta
1026 1251 1257 1290 carbonum
1295 1252 1459 1304 pul-ueri
1490 1254 1681 1295 affunda-

284 1320 352 1352 tur
388 1312 635 1352 destillatum
681 1312 865 1365 primum
913 1313 1063 1354 mariae
1108 1314 1260 1355 balneo
1297 1316 1547 1369 obtentum,
1600 1319 1680 1359 ite—

283 1389 466 1429 rumque
504 1375 724 1416 destillatio
755 1390 808 1418 ex
845 1378 996 1418 mariae
1036 1378 1188 1419 balneo
1225 1380 1479 1434 instituatur,
1515 1396 1593 1435 qua
1628 1383 1680 1423 fi-

284 1440 394 1491 nita,
447 1452 603 1481 retorta
648 1441 821 1494 perinde
867 1455 911 1482 ac
957 1453 1050 1482 ante
1097 1456 1193 1483 cum
1238 1456 1482 1486 remanente
1527 1446 1678 1487 carbo-

283 1516 385 1544 num
431 1507 606 1556 puluere
652 1506 692 1544 in
738 1519 884 1546 arenae
922 1506 1118 1546 balneum
1156 1508 1482 1562 transportetur:
1536 1511 1674 1564 ficque

281 1568 415 1621 priori
463 1570 681 1622 aequalem
727 1571 835 1610 aceti
881 1570 1198 1621 crystallisabilis
1236 1586 1391 1615 nouam
1426 1576 1675 1629 portionem

277 1631 508 1672 obtinebis.

278 1759 423 1812 Atque
461 1761 540 1802 hac
577 1761 739 1802 ratione
775 1775 925 1805 omnes
961 1765 1135 1819 impensi
1171 1767 1277 1807 aceti
1325 1767 1553 1819 particulae
1589 1767 1673 1807 aci·

85 1824 161 1865 dae
197 1822 238 1863 in
275 1836 439 1864 acetum
476 1825 782 1873 crystallisabile
819 1831 950 1883 redigi
990 1832 1180 1882 poliunt7
1218 1831 1243 1870 fi
1281 1834 1551 1884 operationes
1581 1833 1671 1870 dic-

85 1897 149 1929 tae
195 1900 383 1930 eousque
429 1898 694 1940 repetantur,
748 1893 884 1932 donec
931 1895 1178 1934 destillatum
1217 1907 1272 1934 ex
1319 1896 1469 1934 mariae
1517 1896 1668 1935 balneo

84 1953 364 1992 obtinendum
412 1953 609 1991 omnibus
653 1955 865 2005 particulis
913 1959 1041 1999 acidis
1079 1959 1320 1999 destitutum
1356 1968 1397 1999 et
1432 1971 1567 2013 aquae
1601 1960 1668 1998 in-

83 2017 157 2059 star
192 2015 415 2070 insipidum
451 2019 620 2069 prorius
657 2018 872 2061 transierit.

277 2143 379 2199 Quo
416 2154 608 2194 acetum,
645 2145 756 2187 die‘to
792 2149 926 2189 modo
962 2163 1015 2189 ex
1052 2163 1197 2190 arenae
1236 2150 1388 2191 balneo
1425 2150 1666 2204 obtentum,

84 2210 287 2249 summam
333 2210 718 2250 contentrationem
763 2212 903 2252 subeat
937 2224 978 2253 et
1013 2215 1053 2255 in
1090 2226 1253 2256 acetum
1292 2215 1465 2267 glaciale
1499 2218 1667 2269 rediga-

146 2271 266 2316 Noua
283 2273 388 2314 Aila
405 2273 952 2328 Acaa.1n1p.Sc.1.V111.
1214 2278 1240 2320 S
1278 2292 1295 2320 s
1571 2290 1662 2331 tur3
