2080 2682
658 142 808 157 --
841 124 996 181 (341)
1029 140 1180 167 Ξ

130 237 239 282 vltra
275 243 452 298 gradum
491 235 638 296 54'“m‚
691 239 814 282 nullo
860 239 965 281 mihi
1010 241 1234 296 hucusque
1270 238 1450 282 artificio
1485 241 1718 296 procedere

131 304 267 347 licuit.

324 421 358 475 §.
400 432 469 472 24.
554 418 743 460 Acetum
789 419 965 473 glaciale
1011 419 1151 461 debile
1196 432 1255 471 42
1293 418 1501 474 graduum
1548 419 1715 462 duobus

131 496 154 525 a
188 483 226 526 se
262 485 446 526 inuicem
495 483 664 524 diuersis
711 485 851 525 modis
889 486 937 525 ad
984 485 1215 536 summam,
1268 486 1385 527 cuius
1422 485 1589 527 acidum
1634 486 1719 527 hoc

130 561 265 604 capax
299 550 376 591 effe
412 549 603 601 videtur,
649 549 946 590 fortitudinem
981 550 1129 590 reduci
1173 549 1330 602 potest:

195 656 258 712 1.)
300 656 602 698 rectificatione
639 656 724 696 leui
761 656 860 710 igne
895 656 1179 712 perficiendam
1232 656 1305 697 vbi
1337 669 1430 711 pars
1468 657 1622 700 fortior
1655 655 1718 697 in-

318 721 506 775 sequitur
542 721 813 762 debiliorem.

190 818 252 875 2.)
291 818 670 872 Crystallisatione5
705 821 777 862 vbi
815 835 907 876 pars
941 822 1129 863 debilior
1158 823 1339 863 formam
1378 820 1582 876 liquidam
1615 835 1718 863 con-

318 884 485 926 seruans
522 899 543 927 a
577 896 695 942 parte
740 886 872 928 solida
916 887 1152 941 crystallina
1186 886 1317 941 longe
1360 888 1529 929 fortiori
1566 888 1717 929 decan·

315 958 438 991 tatur.

315 1076 518 1127 Hyemali
555 1087 749 1132 tempore
787 1079 1081 1120 concentratio
1118 1078 1222 1120 haec
1262 1091 1384 1133 quam
1412 1078 1574 1132 optime
1603 1075 1716 1119 obti-

124 1148 264 1193 netur,
292 1140 319 1180 fi
351 1152 517 1182 acetum
560 1143 734 1197 glaciale
775 1144 943 1193 debile,
980 1144 1138 1195 frigore
1176 1144 1216 1182 in
1250 1143 1465 1193 crystallos
1497 1143 1715 1194 coastum,

123 1206 176 1246 ad
211 1206 456 1257 hypocausti
486 1207 703 1246 fenestram
735 1208 789 1246 ita
810 1206 1074 1256 collocetur,
1109 1215 1155 1244 vt
1173 1206 1269 1245 vitri
1306 1206 1412 1245 latus
1435 1218 1565 1245 vnum
1594 1208 1715 1246 fene-

122 1267 244 1307 stram
281 1267 527 1307 immediate
564 1270 760 1322 attingat3
800 1269 953 1310 aestiuo
991 1281 1131 1310 autem
1168 1278 1389 1324 tempore,
1425 1269 1582 1310 vitrum
1619 1282 1715 1310 ace-

126 1339 218 1371 tum
255 1332 477 1371 continens
513 1345 644 1384 aquae
682 1346 778 1373 cum
816 1334 949 1387 glacie
986 1334 1140 1374 mixtae
1176 1334 1226 1374 ad
1264 1333 1424 1374 collum
1460 1346 1595 1388 vsque
1633 1334 1714 1373 im-

124 1395 431 1448 mergendum,
487 1397 699 1451 acidoque
736 1398 919 1451 perfefte
955 1399 1205 1450 refrigerato
1242 1398 1345 1438 alius
1383 1398 1489 1438 aceti
1524 1398 1711 1452 glacialis

124 1457 332 1499 fortissimi
367 1462 409 1499 in
447 1460 627 1500 formam
675 1462 851 1502 solidam
896 1473 990 1503 ante
1026 1463 1109 1503 iam
1145 1463 1278 1503 coasti
1323 1462 1520 1503 nonnihil
1556 1463 1713 1503 adden-

126 1523 227 1563 dum
264 1523 342 1571 est3
401 1537 485 1577 quo
523 1524 656 1576 facio,
709 1537 874 1566 acetum
912 1526 1087 1579 glaciale
1125 1528 1490 1567 coucentrandum
1534 1527 1714 1567 suauissi-

123 1599 198 1628 mo
233 1587 469 1641 spectaculo
506 1588 624 1629 breui
661 1599 856 1643 tempore
893 1590 934 1630 in
973 1591 1168 1643 pulchras
1216 1603 1474 1644 magnasque
1511 1603 1712 1632 concres-

125 1652 182 1692 cit
219 1651 458 1703 crystallos‚
511 1665 643 1705 quae,
698 1654 916 1695 decantata
953 1666 1069 1707 parte
1106 1654 1265 1706 liquida
1301 1656 1430 1708 louge
1469 1654 1710 1707 debiliore,

127 1716 393 1756 fortiffimum
439 1715 578 1756 fistunt
622 1726 787 1758 acetum
836 1719 1036 1772 glaciale3
1093 1732 1179 1773 quo
1217 1719 1404 1759 iucundo
1448 1718 1712 1773 procedendi

125 1781 257 1821 modo
288 1791 409 1822 aceto
445 1780 611 1833 glaciali
647 1781 832 1823 summus
864 1783 1125 1825 fortitudinis
1165 1785 1319 1837 gradus
1344 1784 1560 1824 conciliari
1583 1794 1710 1837 quam

126 1844 326 1886 facillime
362 1844 512 1899 potest.

319 1970 353 2024 ᾗ.
395 1983 466 2020 25.
534 1972 754 2025 singulare
790 1975 831 2015 id
872 1988 1044 2030 quoque
1081 1974 1160 2026 est,
1204 1974 1318 2028 quod
1357 1983 1522 2015 acetum
1559 1974 1712 2029 glacia-

126 2036 191 2086 le,
230 2036 400 2088 quando
438 2035 676 2089 supradictis
714 2038 899 2080 artificiis
937 2040 1003 2092 (ᾗ.
1045 2052 1114 2090 24.
1152 2052 1191 2078 n.
1229 2052 1244 2076 1
1272 2048 1314 2079 et
1346 2039 1406 2090 2.)
1442 2040 1494 2079 ad
1532 2051 1592 2090 54
1619 2052 1711 2092 gra-

127 2101 256 2142 duum
296 2100 590 2141 fortitudinem
636 2104 882 2155 perduc‘ium
927 2104 1009 2154 est,
1065 2103 1276 2143 vlterioris
1320 2103 1511 2143 eiusdem
1556 2105 1709 2157 gradus

125 2177 256 2217 capax
292 2165 406 2205 nulla
444 2165 604 2205 ratione
641 2168 720 2207 effe
757 2169 971 2216 videatur-3
1017 2177 1176 2207 tantum
1215 2167 1326 2207 enim
1365 2167 1498 2220 abest,
1533 2178 1579 2208 vt
1612 2180 1706 2208 ace-

123 2238 213 2270 tum
270 2241 329 2280 54
381 2230 630 2285 graduum,
689 2231 717 2272 fi
770 2234 903 2274 modo
959 2232 1076 2272 diuis
1132 2233 1433 2272 concentrandi
1493 2232 1709 2274 methodis

887 2296 976 2339 Vv
1013 2308 1036 2345 3
1602 2295 1711 2337 vlte-
