2080 2682
875 138 1026 164 ===
1061 115 1216 173 (342)
1249 129 1402 145 ·····“·

335 239 513 281 vlterius
561 236 846 289 submittitur,
898 248 952 276 eo
989 235 1116 276 etiam
1155 233 1308 276 fortius
1345 232 1523 285 euadat,
1575 238 1624 273 vt
1657 226 1809 288 'potius
1845 234 1942 277 infl-

336 307 479 359 gniter
498 302 745 343 debilitetur
781 312 823 342 et
858 300 1160 355 particularum
1197 300 1410 340 acidarum
1448 298 1646 339 iacturam
1684 300 1940 353 experiatur.

338 370 442 410 Inde
480 367 628 408 videre
667 367 748 417 est,
801 366 905 407 aceti
943 365 1111 406 acidum
1150 377 1248 406 cum
1284 365 1410 404 variis
1447 363 1537 404 aliis
1574 364 1705 405 acidis
1742 365 1783 404 id
1823 377 1945 405 com-

337 446 468 475 mune
507 432 689 482 habere,
741 442 787 472 vt
822 440 959 485 partes
998 429 1142 470 acidae
1180 431 1284 470 a'e‘ris
1336 428 1518 469 formam
1556 429 1760 482 induant,
1816 441 1945 482 quam

336 500 525 554 primum
571 496 773 538 omuibus
824 495 1044 550 particulis
1092 495 1240 547 aqueis
1292 492 1463 547 prorsus
1508 494 1743 547 priuantur.
1830 493 1946 535 Hinc

336 563 554 617 singularis
592 562 663 602 illa
701 572 743 602 et
779 562 951 615 copiosa
990 559 1250 600 bullularum
1290 558 1531 612 apparitio,
1570 573 1702 613 quae,
1737 558 1946 615 incipien-

336 637 378 670 te
416 630 523 670 aceti
559 626 745 683 glacialis
788 625 1159 680 crystallisatione,
1196 623 1362 680 semper
1398 622 1662 667 obseruatur.

529 751 643 793 Hinc
685 763 858 803 quoque
897 750 938 790 in
976 747 1191 791 eiusmodi
1239 755 1362 789 aceto
1399 746 1564 801 glaciali
1607 758 1667 798 54
1703 746 1949 802 graduum,

340 816 509 870 quoties
555 818 603 857 ad
652 815 1010 867 crystallisandum
1057 829 1113 856 ex
1158 822 1275 868 parte
1322 823 1484 853 tanturn
1536 813 1798 867 disponitur,
1851 827 1945 868 pars

337 882 497 934 liquida
545 881 674 936 longe
721 881 907 921 debilior
952 879 1314 934 deprehenditur,
1370 877 1471 918 licet
1509 878 1548 917 in
1589 889 1706 932 parte
1744 878 1949 931 crystalli-

337 946 420 987 sata
457 946 624 988 nullum
660 947 744 989 iam
784 946 1049 987 fortitudinis
1087 948 1403 986 inctementum
1441 943 1656 984 obseruari
1692 944 1830 999 pellit.

532 1072 661 1112 Hisce
700 1071 901 1111 omnibus
941 1070 1240 1121 consideratis,
1298 1079 1414 1109 extra
1454 1083 1629 1110 omnem
1669 1069 1946 1112 dubitationis

340 1135 475 1176 aleam
514 1137 695 1189 positum
734 1138 812 1176 effe
850 1136 1045 1186 videtur,
1092 1134 1215 1175 acido
1253 1135 1359 1173 aceti
1400 1134 1607 1173 maiorem
1646 1133 1948 1173 fortitudinem

341 1200 562 1240 conciliari
602 1199 722 1239 nullo
761 1200 894 1237 modo
931 1199 1061 1250 posse.
1143 1197 1273 1236 Vnde
1310 1197 1435 1236 eriam
1474 1197 1564 1236 fieri
1605 1197 1726 1250 plane
1765 1199 1947 1250 nequit,

339 1274 385 1305 vt
423 1264 504 1304 tale
544 1276 731 1316 vnquam
771 1262 1083 1314 consequamur
1128 1270 1295 1301 acetum
1344 1259 1549 1311 glaciale,
1608 1261 1722 1311 quod
1763 1260 1949 1305 formam

340 1329 452 1370 suam
502 1328 784 1382 crystallinam
830 1326 1025 1370 calidiori
1070 1324 1200 1367 etiam
1245 1323 1402 1365 aestiuo
1457 1334 1652 1378 tempore
1698 1327 1949 1367 conleruare

342 1403 484 1448 quea&

533 1506 569 1561 ᾗ.
610 1510 681 1548 26.
751 1505 969 1561 Expositis
1015 1505 1241 1559 hucusque
1278 1502 1402 1545 variis
1449 1510 1616 1543 acetum
1664 1500 1838 1555 glaciale
1877 1514 1950 1556 pa·

342 1572 460 1612 randi
500 1573 742 1621 methodis;
791 1571 970 1625 superest
1005 1581 1051 1611 vt
1087 1583 1231 1611 earum
1271 1568 1593 1623 praestantiores
1631 1567 1714 1607 hoc
1754 1580 1951 1622 paragra-

343 1638 433 1690 pho
488 1638 704 1690 separatim
751 1637 1014 1687 exhibeam,
1068 1645 1111 1675 et
1157 1635 1309 1683 quibus
1357 1634 1542 1686 fiugulae
1588 1634 1656 1674 vel
1701 1631 1947 1673 commodis

341 1702 603 1756 praecellant
638 1702 706 1742 vel
742 1712 992 1756 premantur
1029 1700 1291 1752 defectibus,
1336 1710 1566 1753 exponam.

539 1828 653 1869 Tres
691 1827 784 1868 sunt
820 1825 1069 1866 huiusmodi
1109 1825 1331 1875 methodi,
1376 1837 1483 1877 quae
1520 1836 1589 1865 me
1629 1823 1802 1878 quidem
1840 1820 1951 1863 iudi-

345 1904 393 1933 ce
431 1893 618 1946 optimae
656 1894 879 1942 vidcntur,
915 1903 958 1931 ct
996 1891 1248 1931 nominatim
1290 1891 1489 1944 quidem:

419 1992 480 2044 1.)
531 1990 798 2044 praeparatio
844 1988 951 2030 aceti
997 1987 1185 2042 glacialis
1233 1986 1446 2028 mediante
1486 1985 1722 2027 carbonum
1766 1984 1947 2039 puluere

604 2055 669 2109 (§·
710 2056 798 2108 7·);

416 2156 479 2212 ε.)
532 2157 797 2213 praeparatio
835 2156 1027 2197 eiusdem
1074 2167 1127 2195 ex
1172 2154 1372 2197 alcohole
1408 2152 1518 2197 aceti
1556 2151 1780 2195 fortissimo
1817 2150 1945 2192 Wes-

607 2222 805 2265 tendorfii
843 2221 899 2277 OE·
942 2234 1012 2260 12.
1051 2219 1167 2275 Exp.
1205 2224 1293 2275 4),-

1876 2301 1940 2355 a·)
