2080 2682
652 191 804 217 ε--Ξ
836 172 992 231 (279)
1025 188 1176 215 -----

123 292 397 349 tinguuntur,
434 303 563 346 quae,
597 289 625 330 fi
661 290 711 330 ad
748 288 1061 343 longitudinem
1096 288 1297 330 fibrarum
1342 286 1631 343 integumenta
1667 302 1709 331 a-

120 358 256 400 liaeue
292 369 428 413 partes
463 368 483 396 a
521 355 709 395 musculo
747 354 995 409 soluuntur‚
1039 354 1100 396 sui
1134 353 1335 396 sectiones
1374 362 1535 396 tantum
1573 354 1709 397 osten-

121 423 251 478 dunt,
288 423 441 476 filaque
479 420 756 460 mentiuntur.

314 518 382 562 Sic
418 517 568 557 faeium
607 516 685 556 effe
722 515 941 567 existimo,
985 524 1032 556 vt
1066 515 1353 570 praeparando
1389 513 1602 556 musculos
1637 514 1707 558 fila

117 582 377 639 prosee'iores
415 581 599 622 viderint
634 580 859 629 celiulosa,
915 580 1065 634 quibus
1103 580 1280 622 musculi
1317 581 1705 633 connesterentur‚

120 661 252 703 quae,
288 647 423 688 iund’ta
461 645 569 695 filis,
605 656 689 687 arte
729 645 970 700 producffis,
1007 645 1057 686 ad
1094 644 1427 686 confirmandam
1465 644 1573 686 telae
1618 644 1706 686 cel-

117 711 278 754 lulosae
324 712 460 752 ideam
507 724 590 752 non
636 723 783 764 parum
820 708 1144 751 contribuerint.
1231 709 1349 751 Haec
1388 721 1579 762 quamuts
1617 722 1704 751 non

116 775 195 816 fint
230 786 316 817 arte
352 776 582 829 producta,
631 776 748 816 velut
783 774 879 826 illa,
915 787 1020 829 quae
1057 773 1303 815 extensione
1340 772 1580 814 substantiae
1617 774 1704 814 cel-

115 838 273 881 lulosae
318 840 516 893 simplicis
562 839 691 888 fiunt,·
747 849 887 880 tamen
934 851 1009 879 nec
1056 839 1136 888 ita,
1189 837 1553 889 quemadmodum
1601 837 1704 879 facta

114 901 296 944 sectione
333 913 558 958 apparent,
595 904 635 944 in
673 916 855 958 corpore
892 901 1036 943 illaeso
1072 902 1265 943 existunt.
1352 902 1542 954 Vaginae
1579 901 1705 942 nimi-

114 980 209 1008 rum
246 968 425 1008 existunt
466 968 679 1021 integrae,
734 978 803 1009 aut
841 979 942 1020 quas
990 967 1116 1008 latera
1153 977 1296 1007 earum
1333 965 1531 1018 vti-inque
1568 965 1620 1006 ad
1656 965 1704 1005 fi-

114 1030 233 1071 bram
279 1033 467 1072 referunt
507 1031 712 1081 laminae,
765 1044 871 1083 quae
908 1041 974 1080 et,
1028 1031 1127 1070 dum
1166 1029 1395 1070 secundum
1435 1029 1702 1069 latitudinem

112 1093 313 1135 fibrarum
360 1095 651 1147 integumenta
687 1106 708 1134 a
746 1092 937 1134 musculo
983 1092 1229 1145 soluuntur‚
1284 1103 1482 1147 tanquam
1521 1093 1701 1135 laminae

110 1158 151 1198 se
184 1157 526 1211 repraesentant;
580 1167 707 1212 atque
753 1167 842 1198 tum
890 1158 1060 1198 demum
1088 1186 1101 1207 .,
1154 1157 1323 1210 quando
1380 1157 1698 1210 praeparatione

110 1220 287 1262 musculi
333 1221 561 1262 secundum
607 1221 922 1274 longitudinem
974 1220 1201 1270 fibrarum,
1256 1218 1528 1260 incisionibus
1581 1221 1696 1261 saetis

110 1283 377 1334 transuerfis‚
416 1285 688 1335 diffecantur‚
726 1283 782 1324 sui
818 1282 1020 1325 sefiiones
1058 1284 1308 1334 ostendunt,
1349 1295 1454 1338 quae
1491 1296 1567 1324 nec
1604 1293 1696 1325 tum

112 1348 287 1403 quidem
324 1360 421 1389 vera
455 1347 524 1393 fila
560 1346 677 1399 sunt,
714 1346 780 1388 sed
818 1348 895 1389 effe
935 1358 1097 1390 tantum
1135 1348 1345 1390 videntur.
1414 1347 1517 1388 Non
1556 1349 1694 1390 minus

110 1425 215 1466 ergo
260 1411 527 1466 imaginariae
578 1422 715 1467 partes
762 1411 855 1453 sunt
890 1412 992 1454 haec
1030 1412 1127 1467 fila,
1183 1423 1307 1467 quam
1344 1411 1412 1454 fila
1447 1413 1693 1454 extensione

108 1477 327 1532 prodmsta.

315 1571 540 1626 Apparent
589 1572 890 1626 phoenomena
945 1572 1015 1613 illa
1066 1571 1252 1626 superius
1302 1572 1533 1627 descripta,
1588 1587 1694 1628 quae

106 1636 471 1691 praeparationem
510 1636 824 1688 musenim-um,
878 1646 962 1677 tam
999 1636 1049 1677 ad
1085 1637 1352 1678 latitudinem
1392 1650 1515 1690 quam
1553 1637 1694 1691 longi-

107 1701 300 1741 tudinem
336 1700 535 1741 fibrarum
574 1701 745 1751 fartam,
792 1702 1073 1748 comitantum
1125 1699 1208 1741 fiue
1243 1700 1535 1755 integumenta
1573 1715 1693 1743 com-

107 1765 276 1816 munia,
311 1765 394 1806 fiue
425 1766 528 1806 aliae
564 1777 727 1818 partes¹>
767 1778 872 1818 quae
912 1765 1146 1805 muiculum
1184 1774 1356 1818 tegunt,
1393 1765 1476 1807 fiue
1512 1767 1690 1806 musculi

110 1840 283 1883 quoque
311 1843 332 1869 a
355 1828 571 1879 musculis,
610 1830 896 1883 praeparando
934 1828 1177 1877 soluuntur3
1215 1830 1481 1879 dummodo,
1517 1840 1562 1870 vt
1598 1830 1690 1870 fieri

107 1892 239 1943 solet,
292 1901 422 1946 vtque
475 1892 589 1945 leges
637 1892 733 1933 artis
778 1892 1067 1946 praecipiunt,
1122 1893 1532 1944 omniscellulofa,
1587 1894 1689 1935 faeta

104 1955 303 2011 proxime
338 1957 387 1997 ad
426 1956 661 1996 musculum
697 1959 1029 2011 praeparandum
1075 1956 1283 2010 sectione,
1336 1971 1357 1999 a
1394 1957 1584 1998 musculo
1620 1971 1692 1999 au-

105 2020 252 2061 fertur.
335 2019 447 2061 Nam
486 2021 561 2060 hac
599 2020 760 2060 ratione
798 2023 970 2075 vaginae
1008 2022 1206 2062 fibrarum
1243 2021 1352 2076 ipsae
1400 2023 1560 2075 forcipe
1596 2036 1690 2076 pre-

102 2083 254 2126 hensae
291 2093 333 2124 et
368 2083 559 2124 dilatatae
597 2083 839 2126 inciduntur
873 2096 915 2126 et
950 2087 1216 2140 aperiuntur,
1252 2096 1296 2126 vt
1333 2086 1442 2127 nuda
1477 2087 1579 2127 fibra
1616 2100 1689 2141 ap-

101 2157 269 2203 pareat,
303 2157 346 2188 et
382 2146 581 2188 sectiones
619 2148 775 2188 diuifire
810 2150 859 2191 ad
896 2150 1211 2204 longitudinem
1247 2151 1420 2201 vaginae
1459 2151 1527 2192 fila
1557 2153 1689 2191 vtrin-

106 2225 187 2266 que
224 2212 272 2253 ad
309 2211 456 2253 fibram
496 2215 817 2266 repraeientant.
903 2214 945 2255 Si
982 2227 1084 2256 vero
1121 2216 1206 2255 duo
1242 2215 1418 2256 musculi
1454 2217 1500 2269 α)
1536 2216 1688 2268 copio-

301 2287 306 2289 ’
1591 2279 1686 2320 sori

153 2358 189 2396 a)
220 2350 305 2388 Tab.
332 2352 384 2385 cit.
411 2348 466 2398 fig.
493 2360 520 2392 3.
549 2362 576 2386 a.
608 2350 638 2385 b.
