2080 2682
654 124 1190 181 -·-<359)·-“’-··

117 241 243 285 etiam
278 240 321 283 in
357 240 501 298 aliquo
530 242 657 284 corde
693 242 826 295 magis
863 241 1039 296 oblique
1075 240 1327 283 descendere
1363 239 1437 282 has
1466 238 1591 282 fibras
1618 239 1696 281 ob·

115 306 394 356 seruauerim3
448 307 565 347 solita
608 315 748 346 tamen
793 306 896 347 haec
941 306 1142 358 directio,
1195 306 1265 347 hic
1311 306 1573 359 progressus,
1625 304 1697 345 hic

118 372 264 413 duc'tus
308 371 364 413 est
407 371 632 422 fibrarum,
687 370 758 425 qui
795 371 836 411 in
872 371 997 412 icone
1040 371 1203 412 adiecto
1245 370 1603 424 repraesentatur,
1652 376 1701 408 vt

117 436 243 477 etiam
280 436 420 491 primo
456 434 607 475 intuitu
644 435 718 475 has
760 434 910 487 fibras,
965 436 1185 490 quamuis,
1235 435 1278 475 in
1323 447 1412 489 quo
1449 434 1570 476 strato
1606 431 1698 473 exi-

117 500 296 553 sterent,
348 500 639 553 ignoraretur,
685 499 942 553 cognoscere
978 510 1020 540 et
1055 514 1076 541 a
1113 499 1331 553 quibusuis
1368 499 1542 540 caeteris
1581 496 1701 538 fibris

117 565 261 605 cordis
306 564 558 617 distinguere
600 563 762 604 liceret.
846 562 895 603 In
940 564 1041 604 duas
1086 563 1195 617 quafi
1240 563 1461 617 portiones
1498 563 1547 604 ad
1583 562 1704 615 supe-

116 629 275 670 riorem
319 627 586 682 superficiem
632 628 673 668 in
718 628 803 669 hoc
841 629 970 668 corde
1008 627 1179 681 quidem
1217 628 1551 681 distinguuntur,
1604 638 1707 680 qua-

116 705 211 733 rum
248 693 401 744 altera,
436 691 643 746 posterior
677 702 720 732 et
754 691 916 743 maior,
951 691 998 745 a)
1050 705 1071 732 a
1107 691 1186 733 bafi
1224 700 1391 744 nortae,
1431 691 1586 742 altera,
1625 690 1706 730 mi-

117 769 223 809 nor,
276 755 321 809 b)
374 770 395 798 a
441 756 535 797 sede
580 754 806 796 columnae
860 756 1150 810 triangularis,
1204 755 1354 797 orfitum
1442 754 1532 797 Vbi
1582 753 1706 808 super

118 821 354 874 marginem
399 822 441 861 in
488 820 735 862 inferiorem
781 819 1044 875 superficiem
1083 821 1320 872 transeunt,
1373 820 1555 861 maiores
1593 830 1707 860 cras-

118 884 333 939 fioresque
387 884 602 926 funiculos
645 885 859 936 efficiunt,
912 895 954 925 et
998 885 1272 925 directionem
1317 884 1439 924 fimul
1488 883 1708 937 insigniter

118 958 296 990 mutant.
334 949 374 1001 c)
445 949 681 991 Solidiores
717 950 896 990 omnino
935 950 1221 1003 fortioresque
1256 947 1385 990 fibrae
1430 948 1546 999 sunt,
1602 947 1706 987 dum

117 1026 192 1069 per
214 1013 474 1068 superiorem
510 1014 773 1067 superficiem
795 1014 1019 1054 ventriculi
1056 1013 1413 1065 progrediuntur,
1450 1011 1562 1051 haud
1597 1010 1707 1050 adeo

118 1078 337 1119 manifesto
382 1088 521 1118 tamen
567 1077 778 1116 distinctos
824 1077 996 1116 craffitie
1043 1075 1257 1116 funiculos
1304 1087 1429 1128 quam
1464 1074 1507 1114 in
1551 1072 1707 1114 bacin

118 1142 265 1183 feriori
301 1140 518 1194 superficie
554 1139 756 1180 efficiunt.
809 1139 1025 1180 Videntur
1059 1152 1166 1192 ergo
1200 1139 1329 1179 fibrae
1365 1138 1575 1190 fimplices
1612 1136 1707 1189 qui-

117 1207 242 1255 dem,
277 1205 470 1257 quamuis
507 1204 733 1252 fortiores,
774 1215 796 1241 a
834 1201 927 1240 sede
964 1212 1081 1241 ortus
1119 1201 1245 1252 oriri,
1296 1210 1338 1241 et
1372 1200 1574 1254 progredi
1610 1199 1706 1240 fim-

117 1268 251 1322 plices
287 1279 362 1320 per
398 1266 631 1306 vniuersam
670 1265 929 1317 superiorem
975 1264 1264 1318 superficiem,
1320 1275 1409 1305 tum
1447 1264 1594 1317 colligi
1630 1277 1705 1305 ve-

117 1325 168 1373 ro
205 1332 247 1370 in
284 1330 494 1372 craffiores
533 1330 609 1370 hos
648 1329 889 1380 funiculos,
944 1330 1014 1383 qui
1051 1329 1091 1368 in
1128 1329 1319 1369 inferiori
1361 1327 1580 1382 superficie
1626 1328 1705 1369 ob-

118 1395 347 1437 seruantur,
432 1394 479 1434 In
515 1393 606 1447 ipso
644 1394 829 1446 margine
876 1406 1049 1446 quoque
1086 1393 1311 1434 ventriculi
1348 1393 1402 1433 ita
1444 1392 1564 1433 fimul
1600 1393 1705 1433 flec-

121 1468 292 1510 tuntur,
349 1465 417 1507 vt,
473 1470 578 1511 quae
624 1457 878 1498 transuersae
923 1458 1119 1498 haetenus
1156 1458 1195 1498 in
1233 1457 1437 1512 superiori
1483 1457 1703 1510 superficie

119 1523 249 1565 fibrae
288 1523 477 1573 fuerant,
522 1522 697 1574 oblique
737 1521 1035 1562 descendentes
1071 1522 1112 1561 in
1149 1521 1341 1563 inferiori
1376 1530 1603 1575 appareant
1638 1522 1704 1562 fu·

120 1587 266 1629 niculi.
334 1585 392 1625 Hi
428 1585 605 1638 angulos
643 1586 882 1626 semirestos
923 1586 1031 1639 quafi
1067 1588 1290 1640 vtrinque‚
1335 1598 1432 1627 cum
1469 1585 1545 1625 filo
1581 1584 1706 1627 carti-

120 1652 291 1705 lagineo
328 1649 546 1704 posteriori
582 1649 739 1690 finistro
776 1651 928 1702 pariter
962 1650 1016 1702 d)
1070 1660 1194 1703 atque
1239 1662 1334 1690 cum
1373 1649 1561 1702 margine
1602 1662 1708 1690 ven·

123 1714 289 1766 triculi‚
324 1716 371 1767 e)
423 1713 685 1755 includendo
721 1726 795 1767 per
830 1713 1074 1754 inferiorem
1112 1714 1220 1755 hanc
1256 1713 1520 1767 superficiem
1558 1714 1710 1754 decur-

124 1788 245 1831 runt,
280 1779 551 1832 mediamque
586 1778 701 1819 striae
735 1788 899 1832 partem
934 1781 1075 1819 verius
1110 1789 1353 1832 properant.
1387 1776 1443 1834 f)
1508 1776 1707 1818 Dimidio

1645 1850 1707 1882 ta-

521 1912 1708 1953 .——.-¹—....-—-—--—-—-——-——-·

175 1988 212 2032 a)
241 1987 329 2021 Tab.
357 1987 429 2021 Vll.
455 1987 496 2021 G.
524 1986 565 2024 B.
591 1986 635 2021 H.

175 2051 215 2092 ὁ)
245 2047 329 2082 Tab.
358 2048 426 2080 vn.
452 2047 490 2081 C.
519 2048 557 2080 E.
585 2048 639 2082 26.

125 2113 133 2147 ἶ
173 2111 217 2152 c)
245 2109 330 2142 Tab.
363 2108 419 2143 IX.
447 2121 476 2155 p.
502 2121 533 2142 x.
563 2118 589 2151 ς.
617 2118 648 2150 3.

173 2172 207 2211 cl)
237 2171 320 2207 Tab.
352 2173 411 2205 lX.
437 2169 457 2204 l.
485 2183 530 2205 m.
558 2183 590 2205 n.

175 2237 214 2270 e)
244 2235 329 2269 Tab.
359 2237 412 2268 IX.
440 2247 471 2268 x.
502 2246 543 2269 η.

169 2296 210 2344 f)
237 2295 324 2332 Tab.
349 2298 406 2334 IX.
432 2307 462 2331 x.
489 2307 520 2330 z.
