<?xml version="1.0" encoding="UTF-8"?>
<!DOCTYPE html PUBLIC "-//W3C//DTD XHTML 1.0 Transitional//EN"
    "http://www.w3.org/TR/xhtml1/DTD/xhtml1-transitional.dtd">
<html xmlns="http://www.w3.org/1999/xhtml" xml:lang="en" lang="en">
 <head>
  <title>
</title>
<meta http-equiv="Content-Type" content="text/html;charset=utf-8" />
  <meta name='ocr-system' content='tesseract 3.04.00' />
  <meta name='ocr-capabilities' content='ocr_page ocr_carea ocr_par ocr_line ocrx_word'/>
</head>
<body>
  <div class='ocr_page' id='page_1' title='image "./novaactaacademia08impe_0439.png"; bbox 0 0 2080 2682; ppageno 0'>
   <div class='ocr_carea' id='block_1_1' title="bbox 1041 174 1192 185">
    <p class='ocr_par' dir='ltr' id='par_1_1' title="bbox 1041 174 1192 185">
     <span class='ocr_line' id='line_1_1' title="bbox 1041 174 1192 185; baseline 0 2497"><span class='ocrx_word' id='word_1_1' title='bbox 1041 174 1192 185; x_wconf 95' lang='lat' dir='ltr'> </span> 
     </span>
    </p>
   </div>
   <div class='ocr_carea' id='block_1_2' title="bbox 672 143 1192 199">
    <p class='ocr_par' dir='ltr' id='par_1_2' title="bbox 672 143 1192 199">
     <span class='ocr_line' id='line_1_2' title="bbox 672 143 1192 199; baseline -0.004 0"><span class='ocrx_word' id='word_1_2' title='bbox 672 159 822 183; x_wconf 50' lang='grc' dir='ltr'><strong>π</strong></span> <span class='ocrx_word' id='word_1_3' title='bbox 855 143 1009 199; x_wconf 81' lang='lat'>(345)</span> <span class='ocrx_word' id='word_1_4' title='bbox 1042 158 1192 174; x_wconf 85' lang='lat'><strong><em>·-···-·</em></strong></span> 
     </span>
    </p>
   </div>
   <div class='ocr_carea' id='block_1_3' title="bbox 321 259 1727 687">
    <p class='ocr_par' dir='ltr' id='par_1_3' title="bbox 321 259 1727 687">
     <span class='ocr_line' id='line_1_3' title="bbox 328 259 1727 314; baseline 0.001 -11"><span class='ocrx_word' id='word_1_5' title='bbox 328 263 458 304; x_wconf 89' lang='lat' dir='ltr'>duum</span> <span class='ocrx_word' id='word_1_6' title='bbox 496 260 741 302; x_wconf 86' lang='lat' dir='ltr'>obtinentur</span> <span class='ocrx_word' id='word_1_7' title='bbox 775 259 946 311; x_wconf 64' lang='lat' dir='ltr'>vimine,</span> <span class='ocrx_word' id='word_1_8' title='bbox 1002 273 1108 314; x_wconf 87' lang='lat' dir='ltr'>quae</span> <span class='ocrx_word' id='word_1_9' title='bbox 1153 260 1399 301; x_wconf 87' lang='lat' dir='ltr'>vehementi</span> <span class='ocrx_word' id='word_1_10' title='bbox 1443 262 1614 304; x_wconf 89' lang='lat' dir='ltr'>demum</span> <span class='ocrx_word' id='word_1_11' title='bbox 1653 263 1727 305; x_wconf 81' lang='lat' dir='ltr'>fri·</span> 
     </span>
     <span class='ocr_line' id='line_1_4' title="bbox 328 324 1725 380; baseline 0.001 -13"><span class='ocrx_word' id='word_1_12' title='bbox 328 327 422 380; x_wconf 79' lang='lat' dir='ltr'>goti</span> <span class='ocrx_word' id='word_1_13' title='bbox 464 324 673 378; x_wconf 83' lang='lat' dir='ltr'>expositae</span> <span class='ocrx_word' id='word_1_14' title='bbox 706 324 754 364; x_wconf 80' lang='lat' dir='ltr'>ad</span> <span class='ocrx_word' id='word_1_15' title='bbox 790 324 1000 365; x_wconf 90' lang='lat' dir='ltr'>summum</span> <span class='ocrx_word' id='word_1_16' title='bbox 1025 327 1051 363; x_wconf 93' lang='lat'><strong>6</strong></span> <span class='ocrx_word' id='word_1_17' title='bbox 1080 326 1188 366; x_wconf 83' lang='lat' dir='ltr'>aceti</span> <span class='ocrx_word' id='word_1_18' title='bbox 1224 325 1412 378; x_wconf 74' lang='lat' dir='ltr'>glacialis</span> <span class='ocrx_word' id='word_1_19' title='bbox 1449 328 1592 368; x_wconf 84' lang='lat' dir='ltr'>vncias</span> <span class='ocrx_word' id='word_1_20' title='bbox 1629 341 1725 380; x_wconf 88' lang='lat' dir='ltr'>cry-</span> 
     </span>
     <span class='ocr_line' id='line_1_5' title="bbox 324 388 1725 446; baseline 0.002 -16"><span class='ocrx_word' id='word_1_21' title='bbox 324 389 585 432; x_wconf 84' lang='lat' dir='ltr'>stallisatione</span> <span class='ocrx_word' id='word_1_22' title='bbox 629 389 878 441; x_wconf 81' lang='lat' dir='ltr'>largiuntur.</span> <span class='ocrx_word' id='word_1_23' title='bbox 967 388 1136 430; x_wconf 80' lang='lat' dir='ltr'>Tartari</span> <span class='ocrx_word' id='word_1_24' title='bbox 1180 403 1284 430; x_wconf 75' lang='lat' dir='ltr'>vero</span> <span class='ocrx_word' id='word_1_25' title='bbox 1330 391 1534 433; x_wconf 83' lang='lat' dir='ltr'>vitriolati</span> <span class='ocrx_word' id='word_1_26' title='bbox 1582 393 1725 446; x_wconf 90' lang='lat' dir='ltr'>super-</span> 
     </span>
     <span class='ocr_line' id='line_1_6' title="bbox 326 452 1726 510; baseline 0.001 -15"><span class='ocrx_word' id='word_1_27' title='bbox 326 453 491 495; x_wconf 85' lang='lat' dir='ltr'>saturati</span> <span class='ocrx_word' id='word_1_28' title='bbox 527 452 787 494; x_wconf 85' lang='lat' dir='ltr'>adminiculo</span> <span class='ocrx_word' id='word_1_29' title='bbox 825 465 880 492; x_wconf 85' lang='lat' dir='ltr'>ex</span> <span class='ocrx_word' id='word_1_30' title='bbox 922 454 1070 493; x_wconf 85' lang='lat' dir='ltr'>eadem</span> <span class='ocrx_word' id='word_1_31' title='bbox 1116 455 1240 495; x_wconf 81' lang='lat' dir='ltr'>sodae</span> <span class='ocrx_word' id='word_1_32' title='bbox 1286 456 1477 496; x_wconf 78' lang='lat' dir='ltr'>acetosae</span> <span class='ocrx_word' id='word_1_33' title='bbox 1523 457 1621 510; x_wconf 84' lang='lat' dir='ltr'><strong>igne</strong></span> <span class='ocrx_word' id='word_1_34' title='bbox 1659 456 1726 497; x_wconf 88' lang='lat' dir='ltr'>fu-</span> 
     </span>
     <span class='ocr_line' id='line_1_7' title="bbox 324 517 1724 573; baseline 0.001 -14"><span class='ocrx_word' id='word_1_35' title='bbox 324 517 388 559; x_wconf 82' lang='lat' dir='ltr'>sae</span> <span class='ocrx_word' id='word_1_36' title='bbox 434 518 665 572; x_wconf 83' lang='lat' dir='ltr'>quantitate</span> <span class='ocrx_word' id='word_1_37' title='bbox 714 520 768 555; x_wconf 92' lang='lat'>16</span> <span class='ocrx_word' id='word_1_38' title='bbox 805 517 892 557; x_wconf 88' lang='lat' dir='ltr'>fere</span> <span class='ocrx_word' id='word_1_39' title='bbox 930 518 1036 557; x_wconf 84' lang='lat' dir='ltr'>aceti</span> <span class='ocrx_word' id='word_1_40' title='bbox 1073 518 1260 571; x_wconf 78' lang='lat' dir='ltr'>glacialis</span> <span class='ocrx_word' id='word_1_41' title='bbox 1301 530 1361 570; x_wconf 84' lang='lat'>54</span> <span class='ocrx_word' id='word_1_42' title='bbox 1397 521 1606 573; x_wconf 80' lang='lat' dir='ltr'>graduum</span> <span class='ocrx_word' id='word_1_43' title='bbox 1643 519 1724 560; x_wconf 90' lang='lat' dir='ltr'>ob-</span> 
     </span>
     <span class='ocr_line' id='line_1_8' title="bbox 323 581 1722 640; baseline 0.004 -19"><span class='ocrx_word' id='word_1_44' title='bbox 323 582 535 633; x_wconf 83' lang='lat' dir='ltr'>tinentur,</span> <span class='ocrx_word' id='word_1_45' title='bbox 570 581 641 621; x_wconf 84' lang='lat' dir='ltr'>vbi</span> <span class='ocrx_word' id='word_1_46' title='bbox 678 581 807 634; x_wconf 86' lang='lat' dir='ltr'>igitur</span> <span class='ocrx_word' id='word_1_47' title='bbox 842 581 1026 634; x_wconf 82' lang='lat' dir='ltr'>duplex,</span> <span class='ocrx_word' id='word_1_48' title='bbox 1071 592 1114 622; x_wconf 87' lang='lat' dir='ltr'>et</span> <span class='ocrx_word' id='word_1_49' title='bbox 1148 583 1253 624; x_wconf 88' lang='lat' dir='ltr'>mira</span> <span class='ocrx_word' id='word_1_50' title='bbox 1289 583 1465 639; x_wconf 84' lang='lat' dir='ltr'>vtique,</span> <span class='ocrx_word' id='word_1_51' title='bbox 1500 585 1722 640; x_wconf 74' lang='lat' dir='ltr'>Vtriusque</span> 
     </span>
     <span class='ocr_line' id='line_1_9' title="bbox 321 645 1033 687; baseline 0 -1"><span class='ocrx_word' id='word_1_52' title='bbox 321 646 516 687; x_wconf 86' lang='lat' dir='ltr'>methodi</span> <span class='ocrx_word' id='word_1_53' title='bbox 561 645 794 686; x_wconf 85' lang='lat' dir='ltr'>differentia</span> <span class='ocrx_word' id='word_1_54' title='bbox 837 647 1033 686; x_wconf 85' lang='lat' dir='ltr'>cernitur.</span> 
     </span>
    </p>
   </div>
   <div class='ocr_carea' id='block_1_4' title="bbox 194 754 1719 874">
    <p class='ocr_par' dir='ltr' id='par_1_4' title="bbox 194 754 1719 874">
     <span class='ocr_line' id='line_1_10' title="bbox 194 754 1719 810; baseline 0 -14"><span class='ocrx_word' id='word_1_55' title='bbox 194 754 259 810; x_wconf 82' lang='lat'>6.)</span> <span class='ocrx_word' id='word_1_56' title='bbox 293 754 364 796; x_wconf 85' lang='lat' dir='ltr'>Ex</span> <span class='ocrx_word' id='word_1_57' title='bbox 399 764 520 796; x_wconf 86' lang='lat' dir='ltr'>aceto</span> <span class='ocrx_word' id='word_1_58' title='bbox 539 754 934 807; x_wconf 83' lang='lat' dir='ltr'>Westendorfiano‚</span> <span class='ocrx_word' id='word_1_59' title='bbox 971 754 1140 796; x_wconf 81' lang='lat' dir='ltr'>hiemali</span> <span class='ocrx_word' id='word_1_60' title='bbox 1178 768 1318 810; x_wconf 84' lang='lat' dir='ltr'>eoque</span> <span class='ocrx_word' id='word_1_61' title='bbox 1353 755 1609 797; x_wconf 88' lang='lat' dir='ltr'>vehemente</span> <span class='ocrx_word' id='word_1_62' title='bbox 1646 755 1719 796; x_wconf 83' lang='lat' dir='ltr'>fri·-</span> 
     </span>
     <span class='ocr_line' id='line_1_11' title="bbox 319 819 1718 874; baseline 0.001 -15"><span class='ocrx_word' id='word_1_63' title='bbox 319 833 424 874; x_wconf 81' lang='lat' dir='ltr'>gore</span> <span class='ocrx_word' id='word_1_64' title='bbox 470 832 576 873; x_wconf 87' lang='lat' dir='ltr'>opus</span> <span class='ocrx_word' id='word_1_65' title='bbox 621 820 700 871; x_wconf 82' lang='lat' dir='ltr'>est,</span> <span class='ocrx_word' id='word_1_66' title='bbox 753 829 798 861; x_wconf 87' lang='lat' dir='ltr'>vt</span> <span class='ocrx_word' id='word_1_67' title='bbox 842 831 1006 860; x_wconf 84' lang='lat' dir='ltr'>acetum</span> <span class='ocrx_word' id='word_1_68' title='bbox 1052 820 1295 860; x_wconf 84' lang='lat' dir='ltr'>obtineatur</span> <span class='ocrx_word' id='word_1_69' title='bbox 1339 819 1540 874; x_wconf 68' lang='lat' dir='ltr'>glaciale,</span> <span class='ocrx_word' id='word_1_70' title='bbox 1599 820 1718 873; x_wconf 90' lang='lat' dir='ltr'>quod</span> 
     </span>
    </p>
   </div>
   <div class='ocr_carea' id='block_1_5' title="bbox 314 883 1716 1003">
    <p class='ocr_par' dir='ltr' id='par_1_5' title="bbox 314 883 1716 1003">
     <span class='ocr_line' id='line_1_12' title="bbox 319 883 1716 939; baseline 0.001 -15"><span class='ocrx_word' id='word_1_71' title='bbox 319 883 456 924; x_wconf 87' lang='lat' dir='ltr'>nostra</span> <span class='ocrx_word' id='word_1_72' title='bbox 506 883 728 937; x_wconf 87' lang='lat' dir='ltr'>posteriori</span> <span class='ocrx_word' id='word_1_73' title='bbox 781 885 991 927; x_wconf 90' lang='lat' dir='ltr'>methodo</span> <span class='ocrx_word' id='word_1_74' title='bbox 1043 897 1295 939; x_wconf 86' lang='lat' dir='ltr'>quacunque</span> <span class='ocrx_word' id='word_1_75' title='bbox 1349 886 1454 927; x_wconf 83' lang='lat' dir='ltr'>a&#39;e&#39;ris</span> <span class='ocrx_word' id='word_1_76' title='bbox 1508 884 1716 939; x_wconf 85' lang='lat' dir='ltr'>temperie</span> 
     </span>
     <span class='ocr_line' id='line_1_13' title="bbox 314 948 632 1003; baseline -0.006 -13"><span class='ocrx_word' id='word_1_77' title='bbox 314 948 449 1003; x_wconf 80' lang='lat' dir='ltr'>parari</span> <span class='ocrx_word' id='word_1_78' title='bbox 485 948 632 1003; x_wconf 88' lang='lat' dir='ltr'>potest.</span> 
     </span>
    </p>
   </div>
   <div class='ocr_carea' id='block_1_6' title="bbox 120 1073 1717 1320">
    <p class='ocr_par' dir='ltr' id='par_1_6' title="bbox 120 1073 1717 1320">
     <span class='ocr_line' id='line_1_14' title="bbox 316 1073 1717 1130; baseline -0.001 -12"><span class='ocrx_word' id='word_1_79' title='bbox 316 1076 486 1118; x_wconf 85' lang='lat' dir='ltr'>Tartari</span> <span class='ocrx_word' id='word_1_80' title='bbox 530 1075 731 1116; x_wconf 83' lang='lat' dir='ltr'>vitriolati</span> <span class='ocrx_word' id='word_1_81' title='bbox 776 1075 1065 1129; x_wconf 69' lang='lat' dir='ltr'>supet-saturati</span> <span class='ocrx_word' id='word_1_82' title='bbox 1102 1074 1288 1129; x_wconf 91' lang='lat' dir='ltr'>pretium</span> <span class='ocrx_word' id='word_1_83' title='bbox 1324 1074 1352 1115; x_wconf 89' lang='lat' dir='ltr'>fi</span> <span class='ocrx_word' id='word_1_84' title='bbox 1390 1074 1483 1130; x_wconf 89' lang='lat' dir='ltr'>quis</span> <span class='ocrx_word' id='word_1_85' title='bbox 1526 1073 1717 1118; x_wconf 88' lang='lat' dir='ltr'>obiicere</span> 
     </span>
     <span class='ocr_line' id='line_1_15' title="bbox 120 1138 1717 1194; baseline -0.001 -13"><span class='ocrx_word' id='word_1_86' title='bbox 120 1141 192 1182; x_wconf 76' lang='lat' dir='ltr'>hic</span> <span class='ocrx_word' id='word_1_87' title='bbox 227 1138 354 1188; x_wconf 79' lang='lat' dir='ltr'>velit3</span> <span class='ocrx_word' id='word_1_88' title='bbox 392 1139 557 1180; x_wconf 90' lang='lat' dir='ltr'>moneri</span> <span class='ocrx_word' id='word_1_89' title='bbox 594 1140 663 1180; x_wconf 91' lang='lat' dir='ltr'>hic</span> <span class='ocrx_word' id='word_1_90' title='bbox 701 1152 785 1180; x_wconf 89' lang='lat' dir='ltr'>non</span> <span class='ocrx_word' id='word_1_91' title='bbox 824 1140 904 1180; x_wconf 91' lang='lat' dir='ltr'>erit</span> <span class='ocrx_word' id='word_1_92' title='bbox 939 1139 1149 1189; x_wconf 81' lang='lat' dir='ltr'>alienum,</span> <span class='ocrx_word' id='word_1_93' title='bbox 1198 1139 1253 1179; x_wconf 84' lang='lat' dir='ltr'>sal</span> <span class='ocrx_word' id='word_1_94' title='bbox 1290 1139 1374 1179; x_wconf 91' lang='lat' dir='ltr'>hoc</span> <span class='ocrx_word' id='word_1_95' title='bbox 1411 1139 1568 1179; x_wconf 89' lang='lat' dir='ltr'>minori</span> <span class='ocrx_word' id='word_1_96' title='bbox 1608 1153 1717 1194; x_wconf 87' lang='lat' dir='ltr'>quo-</span> 
     </span>
     <span class='ocr_line' id='line_1_16' title="bbox 123 1201 1714 1257; baseline -0.001 -13"><span class='ocrx_word' id='word_1_97' title='bbox 123 1218 205 1257; x_wconf 91' lang='lat' dir='ltr'>que</span> <span class='ocrx_word' id='word_1_98' title='bbox 249 1205 386 1244; x_wconf 88' lang='lat' dir='ltr'>sumtu</span> <span class='ocrx_word' id='word_1_99' title='bbox 422 1216 444 1243; x_wconf 86' lang='lat' dir='ltr'>e</span> <span class='ocrx_word' id='word_1_100' title='bbox 480 1204 603 1243; x_wconf 83' lang='lat' dir='ltr'>variis</span> <span class='ocrx_word' id='word_1_101' title='bbox 650 1203 822 1242; x_wconf 88' lang='lat' dir='ltr'>refiduis</span> <span class='ocrx_word' id='word_1_102' title='bbox 870 1202 1223 1255; x_wconf 81' lang='lat' dir='ltr'>pharmaceuticis</span> <span class='ocrx_word' id='word_1_103' title='bbox 1259 1201 1394 1255; x_wconf 84' lang='lat' dir='ltr'>parari</span> <span class='ocrx_word' id='word_1_104' title='bbox 1440 1203 1556 1255; x_wconf 87' lang='lat' dir='ltr'>poffe</span> <span class='ocrx_word' id='word_1_105' title='bbox 1593 1216 1633 1243; x_wconf 90' lang='lat' dir='ltr'>v.</span> <span class='ocrx_word' id='word_1_106' title='bbox 1671 1216 1714 1256; x_wconf 86' lang='lat' dir='ltr'>g.</span> 
     </span>
     <span class='ocr_line' id='line_1_17' title="bbox 123 1264 1716 1320; baseline 0.001 -14"><span class='ocrx_word' id='word_1_107' title='bbox 123 1267 152 1306; x_wconf 90' lang='lat' dir='ltr'>fi</span> <span class='ocrx_word' id='word_1_108' title='bbox 188 1266 274 1306; x_wconf 87' lang='lat' dir='ltr'>olei</span> <span class='ocrx_word' id='word_1_109' title='bbox 308 1266 469 1306; x_wconf 85' lang='lat' dir='ltr'>vitrioli</span> <span class='ocrx_word' id='word_1_110' title='bbox 512 1265 613 1305; x_wconf 89' lang='lat' dir='ltr'>loco</span> <span class='ocrx_word' id='word_1_111' title='bbox 662 1265 869 1305; x_wconf 86' lang='lat' dir='ltr'>refiduum</span> <span class='ocrx_word' id='word_1_112' title='bbox 908 1278 928 1305; x_wconf 86' lang='lat' dir='ltr'>a</span> <span class='ocrx_word' id='word_1_113' title='bbox 964 1264 1243 1306; x_wconf 86' lang='lat' dir='ltr'>destillatione</span> <span class='ocrx_word' id='word_1_114' title='bbox 1288 1265 1472 1319; x_wconf 89' lang='lat' dir='ltr'>liquoris</span> <span class='ocrx_word' id='word_1_115' title='bbox 1509 1268 1716 1320; x_wconf 81' lang='lat' dir='ltr'>anodini,</span> 
     </span>
    </p>
   </div>
   <div class='ocr_carea' id='block_1_7' title="bbox 116 1329 1715 1704">
    <p class='ocr_par' dir='ltr' id='par_1_7' title="bbox 116 1329 1715 1704">
     <span class='ocr_line' id='line_1_18' title="bbox 123 1329 1715 1383; baseline 0.001 -13"><span class='ocrx_word' id='word_1_116' title='bbox 123 1339 168 1371; x_wconf 90' lang='lat' dir='ltr'>et</span> <span class='ocrx_word' id='word_1_117' title='bbox 203 1330 303 1370; x_wconf 91' lang='lat' dir='ltr'>loco</span> <span class='ocrx_word' id='word_1_118' title='bbox 338 1330 429 1373; x_wconf 85' lang='lat' dir='ltr'>salis</span> <span class='ocrx_word' id='word_1_119' title='bbox 475 1330 614 1370; x_wconf 85' lang='lat' dir='ltr'>tartari</span> <span class='ocrx_word' id='word_1_120' title='bbox 659 1329 857 1382; x_wconf 86' lang='lat' dir='ltr'>superstes</span> <span class='ocrx_word' id='word_1_121' title='bbox 902 1331 992 1383; x_wconf 85' lang='lat' dir='ltr'>post</span> <span class='ocrx_word' id='word_1_122' title='bbox 1036 1330 1361 1383; x_wconf 84' lang='lat' dir='ltr'>depurationem</span> <span class='ocrx_word' id='word_1_123' title='bbox 1401 1330 1590 1372; x_wconf 90' lang='lat' dir='ltr'>cinerum</span> <span class='ocrx_word' id='word_1_124' title='bbox 1630 1331 1715 1372; x_wconf 81' lang='lat' dir='ltr'>cla-</span> 
     </span>
     <span class='ocr_line' id='line_1_19' title="bbox 121 1393 1714 1451; baseline 0.003 -17"><span class='ocrx_word' id='word_1_125' title='bbox 121 1394 377 1434; x_wconf 86' lang='lat' dir='ltr'>vellatorum</span> <span class='ocrx_word' id='word_1_126' title='bbox 422 1402 597 1434; x_wconf 80' lang='lat' dir='ltr'>tartarus</span> <span class='ocrx_word' id='word_1_127' title='bbox 641 1393 877 1434; x_wconf 84' lang='lat' dir='ltr'>vitriolatus</span> <span class='ocrx_word' id='word_1_128' title='bbox 923 1394 1198 1435; x_wconf 81' lang='lat' dir='ltr'>adhibeatur:</span> <span class='ocrx_word' id='word_1_129' title='bbox 1259 1395 1360 1448; x_wconf 90' lang='lat' dir='ltr'>quid</span> <span class='ocrx_word' id='word_1_130' title='bbox 1400 1397 1541 1449; x_wconf 79' lang='lat' dir='ltr'>quod,</span> <span class='ocrx_word' id='word_1_131' title='bbox 1576 1396 1714 1451; x_wconf 89' lang='lat' dir='ltr'>ipsum</span> 
     </span>
     <span class='ocr_line' id='line_1_20' title="bbox 121 1458 1712 1511; baseline 0.002 -12"><span class='ocrx_word' id='word_1_132' title='bbox 121 1459 227 1499; x_wconf 83' lang='lat' dir='ltr'>aceti</span> <span class='ocrx_word' id='word_1_133' title='bbox 265 1458 450 1511; x_wconf 80' lang='lat' dir='ltr'>glacialis</span> <span class='ocrx_word' id='word_1_134' title='bbox 490 1458 530 1497; x_wconf 94' lang='lat' dir='ltr'>in</span> <span class='ocrx_word' id='word_1_135' title='bbox 567 1467 724 1499; x_wconf 80' lang='lat' dir='ltr'>retorta</span> <span class='ocrx_word' id='word_1_136' title='bbox 769 1458 971 1511; x_wconf 83' lang='lat' dir='ltr'>superstes</span> <span class='ocrx_word' id='word_1_137' title='bbox 1017 1459 1230 1499; x_wconf 85' lang='lat' dir='ltr'>refiduum</span> <span class='ocrx_word' id='word_1_138' title='bbox 1276 1459 1450 1500; x_wconf 82' lang='lat' dir='ltr'>salinum</span> <span class='ocrx_word' id='word_1_139' title='bbox 1489 1462 1632 1502; x_wconf 91' lang='lat' dir='ltr'>denuo</span> <span class='ocrx_word' id='word_1_140' title='bbox 1668 1460 1712 1502; x_wconf 92' lang='lat' dir='ltr'>in</span> 
     </span>
     <span class='ocr_line' id='line_1_21' title="bbox 119 1520 1710 1579; baseline 0.003 -17"><span class='ocrx_word' id='word_1_141' title='bbox 119 1531 321 1563; x_wconf 83' lang='lat' dir='ltr'>tartarum</span> <span class='ocrx_word' id='word_1_142' title='bbox 377 1521 635 1563; x_wconf 83' lang='lat' dir='ltr'>vitriolatum</span> <span class='ocrx_word' id='word_1_143' title='bbox 689 1520 1039 1576; x_wconf 84' lang='lat' dir='ltr'>supersaturatum</span> <span class='ocrx_word' id='word_1_144' title='bbox 1093 1536 1225 1564; x_wconf 87' lang='lat' dir='ltr'>novae</span> <span class='ocrx_word' id='word_1_145' title='bbox 1273 1524 1513 1577; x_wconf 85' lang='lat' dir='ltr'>operationi</span> <span class='ocrx_word' id='word_1_146' title='bbox 1565 1535 1710 1579; x_wconf 89' lang='lat' dir='ltr'>aptum</span> 
     </span>
     <span class='ocr_line' id='line_1_22' title="bbox 120 1585 1710 1644; baseline 0.002 -16"><span class='ocrx_word' id='word_1_147' title='bbox 120 1587 321 1628; x_wconf 83' lang='lat' dir='ltr'>facillime</span> <span class='ocrx_word' id='word_1_148' title='bbox 358 1586 550 1628; x_wconf 90' lang='lat' dir='ltr'>conuerti</span> <span class='ocrx_word' id='word_1_149' title='bbox 585 1585 745 1640; x_wconf 77' lang='lat' dir='ltr'>potest,</span> <span class='ocrx_word' id='word_1_150' title='bbox 799 1586 1064 1640; x_wconf 82' lang='lat' dir='ltr'>dummodo,</span> <span class='ocrx_word' id='word_1_151' title='bbox 1115 1587 1255 1628; x_wconf 88' lang='lat' dir='ltr'>soluto</span> <span class='ocrx_word' id='word_1_152' title='bbox 1292 1601 1346 1629; x_wconf 90' lang='lat' dir='ltr'>eo</span> <span class='ocrx_word' id='word_1_153' title='bbox 1381 1589 1426 1629; x_wconf 90' lang='lat' dir='ltr'>in</span> <span class='ocrx_word' id='word_1_154' title='bbox 1461 1602 1594 1644; x_wconf 74' lang='lat' dir='ltr'>aqua,</span> <span class='ocrx_word' id='word_1_155' title='bbox 1630 1603 1710 1632; x_wconf 89' lang='lat' dir='ltr'>no-</span> 
     </span>
     <span class='ocr_line' id='line_1_23' title="bbox 116 1649 1292 1704; baseline -0.001 -12"><span class='ocrx_word' id='word_1_156' title='bbox 116 1662 169 1692; x_wconf 84' lang='lat' dir='ltr'>va</span> <span class='ocrx_word' id='word_1_157' title='bbox 205 1651 244 1692; x_wconf 90' lang='lat' dir='ltr'>ei</span> <span class='ocrx_word' id='word_1_158' title='bbox 279 1652 454 1693; x_wconf 87' lang='lat' dir='ltr'>addatur</span> <span class='ocrx_word' id='word_1_159' title='bbox 489 1649 575 1690; x_wconf 90' lang='lat' dir='ltr'>olei</span> <span class='ocrx_word' id='word_1_160' title='bbox 611 1649 771 1691; x_wconf 88' lang='lat' dir='ltr'>vitrioli</span> <span class='ocrx_word' id='word_1_161' title='bbox 806 1651 966 1704; x_wconf 87' lang='lat' dir='ltr'>portio.</span> <span class='ocrx_word' id='word_1_162' title='bbox 1291 1666 1292 1669; x_wconf 45' lang='lat'>¹</span> 
     </span>
    </p>
   </div>
   <div class='ocr_carea' id='block_1_8' title="bbox 120 1778 1706 1962">
    <p class='ocr_par' dir='ltr' id='par_1_8' title="bbox 120 1778 1706 1962">
     <span class='ocr_line' id='line_1_24' title="bbox 313 1778 1706 1833; baseline 0.002 -14"><span class='ocrx_word' id='word_1_163' title='bbox 313 1778 480 1833; x_wconf 88' lang='lat' dir='ltr'>Quibus</span> <span class='ocrx_word' id='word_1_164' title='bbox 527 1778 726 1819; x_wconf 85' lang='lat' dir='ltr'>omnibus</span> <span class='ocrx_word' id='word_1_165' title='bbox 773 1779 1010 1832; x_wconf 76' lang='lat' dir='ltr'>perpensis,</span> <span class='ocrx_word' id='word_1_166' title='bbox 1062 1780 1255 1821; x_wconf 73' lang='lat' dir='ltr'>Vltimam</span> <span class='ocrx_word' id='word_1_167' title='bbox 1300 1780 1408 1821; x_wconf 84' lang='lat' dir='ltr'>hauc</span> <span class='ocrx_word' id='word_1_168' title='bbox 1453 1781 1706 1822; x_wconf 87' lang='lat' dir='ltr'>methodum</span> 
     </span>
     <span class='ocr_line' id='line_1_25' title="bbox 120 1842 1706 1897; baseline 0.001 -14"><span class='ocrx_word' id='word_1_169' title='bbox 120 1855 285 1893; x_wconf 68' lang='lat' dir='ltr'>meam,</span> <span class='ocrx_word' id='word_1_170' title='bbox 338 1842 366 1881; x_wconf 90' lang='lat' dir='ltr'><strong>fi</strong></span> <span class='ocrx_word' id='word_1_171' title='bbox 405 1843 496 1894; x_wconf 90' lang='lat' dir='ltr'>quis</span> <span class='ocrx_word' id='word_1_172' title='bbox 542 1842 649 1882; x_wconf 90' lang='lat' dir='ltr'>aceti</span> <span class='ocrx_word' id='word_1_173' title='bbox 694 1842 879 1895; x_wconf 83' lang='lat' dir='ltr'>glacialis</span> <span class='ocrx_word' id='word_1_174' title='bbox 923 1845 1196 1897; x_wconf 78' lang='lat' dir='ltr'>quantitatem</span> <span class='ocrx_word' id='word_1_175' title='bbox 1235 1857 1428 1897; x_wconf 81' lang='lat' dir='ltr'>magnam</span> <span class='ocrx_word' id='word_1_176' title='bbox 1466 1845 1706 1885; x_wconf 82' lang='lat' dir='ltr'>breuiffimo</span> 
     </span>
     <span class='ocr_line' id='line_1_26' title="bbox 120 1906 1527 1962; baseline 0.001 -15"><span class='ocrx_word' id='word_1_177' title='bbox 120 1918 314 1962; x_wconf 86' lang='lat' dir='ltr'>tempore</span> <span class='ocrx_word' id='word_1_178' title='bbox 348 1918 492 1959; x_wconf 79' lang='lat' dir='ltr'>parare</span> <span class='ocrx_word' id='word_1_179' title='bbox 528 1906 657 1959; x_wconf 80' lang='lat' dir='ltr'>velit,</span> <span class='ocrx_word' id='word_1_180' title='bbox 693 1907 826 1961; x_wconf 88' lang='lat' dir='ltr'>priori</span> <span class='ocrx_word' id='word_1_181' title='bbox 861 1908 1116 1949; x_wconf 86' lang='lat' dir='ltr'>antecellere</span> <span class='ocrx_word' id='word_1_182' title='bbox 1155 1909 1421 1949; x_wconf 75' lang='lat' dir='ltr'>manifestum</span> <span class='ocrx_word' id='word_1_183' title='bbox 1457 1909 1527 1950; x_wconf 86' lang='lat' dir='ltr'>est.</span> 
     </span>
    </p>
   </div>
   <div class='ocr_carea' id='block_1_9' title="bbox 118 2046 1705 2235">
    <p class='ocr_par' dir='ltr' id='par_1_9' title="bbox 118 2046 1705 2235">
     <span class='ocr_line' id='line_1_27' title="bbox 272 2046 1705 2101; baseline 0.006 -15"><span class='ocrx_word' id='word_1_184' title='bbox 272 2046 391 2095; x_wconf 62' lang='lat' dir='ltr'>„Per</span> <span class='ocrx_word' id='word_1_185' title='bbox 437 2047 689 2088; x_wconf 88' lang='lat' dir='ltr'>methodum</span> <span class='ocrx_word' id='word_1_186' title='bbox 734 2048 842 2090; x_wconf 88' lang='lat' dir='ltr'>hanc</span> <span class='ocrx_word' id='word_1_187' title='bbox 877 2050 983 2091; x_wconf 85' lang='lat' dir='ltr'>aceti</span> <span class='ocrx_word' id='word_1_188' title='bbox 1018 2051 1104 2092; x_wconf 84' lang='lat' dir='ltr'>vini</span> <span class='ocrx_word' id='word_1_189' title='bbox 1144 2052 1261 2092; x_wconf 90' lang='lat' dir='ltr'>crudi</span> <span class='ocrx_word' id='word_1_190' title='bbox 1305 2050 1433 2092; x_wconf 83' lang='lat' dir='ltr'>librae</span> <span class='ocrx_word' id='word_1_191' title='bbox 1472 2063 1560 2101; x_wconf 79' lang='lat'>300</span> <span class='ocrx_word' id='word_1_192' title='bbox 1598 2054 1705 2094; x_wconf 85' lang='lat' dir='ltr'>aceti</span> 
     </span>
     <span class='ocr_line' id='line_1_28' title="bbox 118 2112 1702 2170; baseline 0.003 -16"><span class='ocrx_word' id='word_1_193' title='bbox 118 2112 302 2167; x_wconf 73' lang='lat' dir='ltr'>glacialis</span> <span class='ocrx_word' id='word_1_194' title='bbox 340 2112 464 2152; x_wconf 86' lang='lat' dir='ltr'>libras</span> <span class='ocrx_word' id='word_1_195' title='bbox 504 2125 530 2163; x_wconf 95' lang='lat'>7</span> <span class='ocrx_word' id='word_1_196' title='bbox 566 2112 814 2165; x_wconf 84' lang='lat' dir='ltr'>largiuntur.</span> <span class='ocrx_word' id='word_1_197' title='bbox 896 2114 966 2155; x_wconf 88' lang='lat' dir='ltr'>Ex</span> <span class='ocrx_word' id='word_1_198' title='bbox 1004 2126 1024 2163; x_wconf 83' lang='lat'>5</span> <span class='ocrx_word' id='word_1_199' title='bbox 1066 2116 1169 2156; x_wconf 85' lang='lat' dir='ltr'>aceti</span> <span class='ocrx_word' id='word_1_200' title='bbox 1208 2117 1396 2157; x_wconf 76' lang='lat' dir='ltr'>destillari</span> <span class='ocrx_word' id='word_1_201' title='bbox 1435 2127 1455 2164; x_wconf 81' lang='grc'><em>5</em></span> <span class='ocrx_word' id='word_1_202' title='bbox 1496 2117 1702 2170; x_wconf 82' lang='lat' dir='ltr'>graduum</span> 
     </span>
     <span class='ocr_line' id='line_1_29' title="bbox 118 2176 1624 2235; baseline 0.002 -17"><span class='ocrx_word' id='word_1_203' title='bbox 118 2177 236 2218; x_wconf 87' lang='lat' dir='ltr'>libris</span> <span class='ocrx_word' id='word_1_204' title='bbox 276 2180 303 2214; x_wconf 94' lang='lat'><strong>6</strong></span> <span class='ocrx_word' id='word_1_205' title='bbox 337 2177 537 2218; x_wconf 88' lang='lat' dir='ltr'>horarum</span> <span class='ocrx_word' id='word_1_206' title='bbox 574 2176 722 2218; x_wconf 86' lang='lat' dir='ltr'>labore</span> <span class='ocrx_word' id='word_1_207' title='bbox 759 2177 860 2219; x_wconf 89' lang='lat' dir='ltr'>duas</span> <span class='ocrx_word' id='word_1_208' title='bbox 897 2178 1064 2221; x_wconf 90' lang='lat' dir='ltr'>obtinui</span> <span class='ocrx_word' id='word_1_209' title='bbox 1101 2180 1207 2221; x_wconf 86' lang='lat' dir='ltr'>aceti</span> <span class='ocrx_word' id='word_1_210' title='bbox 1243 2180 1429 2235; x_wconf 82' lang='lat' dir='ltr'>glacialis</span> <span class='ocrx_word' id='word_1_211' title='bbox 1467 2183 1624 2223; x_wconf 82' lang='lat' dir='ltr'>vncias.</span> 
     </span>
    </p>
   </div>
   <div class='ocr_carea' id='block_1_10' title="bbox 181 2300 1705 2358">
    <p class='ocr_par' dir='ltr' id='par_1_10' title="bbox 181 2300 1705 2358">
     <span class='ocr_line' id='line_1_30' title="bbox 181 2300 1705 2358; baseline 0.005 -13"><span class='ocrx_word' id='word_1_212' title='bbox 181 2300 300 2346; x_wconf 81' lang='lat' dir='ltr'>Noua</span> <span class='ocrx_word' id='word_1_213' title='bbox 318 2300 422 2344; x_wconf 59' lang='lat' dir='ltr'>Acta</span> <span class='ocrx_word' id='word_1_214' title='bbox 438 2301 569 2344; x_wconf 86' lang='lat' dir='ltr'>Acad.</span> <span class='ocrx_word' id='word_1_215' title='bbox 587 2300 690 2358; x_wconf 86' lang='lat' dir='ltr'>Imp.</span> <span class='ocrx_word' id='word_1_216' title='bbox 710 2301 780 2347; x_wconf 80' lang='lat' dir='ltr'>Sc.</span> <span class='ocrx_word' id='word_1_217' title='bbox 798 2301 846 2345; x_wconf 88' lang='lat' dir='ltr'>T.</span> <span class='ocrx_word' id='word_1_218' title='bbox 868 2302 988 2348; x_wconf 88' lang='lat' dir='ltr'><strong><em>VIII.</em></strong></span> <span class='ocrx_word' id='word_1_219' title='bbox 1267 2307 1307 2349; x_wconf 90' lang='lat' dir='ltr'>X</span> <span class='ocrx_word' id='word_1_220' title='bbox 1326 2322 1357 2351; x_wconf 88' lang='lat' dir='ltr'><strong>x</strong></span> <span class='ocrx_word' id='word_1_221' title='bbox 1616 2310 1705 2353; x_wconf 88' lang='lat' dir='ltr'>Mi·</span> 
     </span>
    </p>
   </div>
  </div>
 </body>
</html>
