2080 2682
671 136 817 152 --···
853 114 1006 171 (355)
1042 132 1193 158 Ξ

134 230 206 274 dio
243 230 417 284 itinere,
473 230 581 285 quafi
623 229 801 271 inflexae
838 229 967 271 fibrae
1012 230 1175 283 apicem
1219 227 1386 278 versus,
1437 225 1619 266 eundem
1656 233 1716 266 ta-

134 309 232 338 men
269 297 475 337 continuo
510 295 720 348 recipiunt
756 294 953 345 ductum,
998 292 1234 334 transuerso
1270 292 1586 346 propinquum,
1642 301 1718 328 eo-

137 373 217 415 que
264 362 314 402 ad
357 360 487 401 solam
533 359 675 410 illam,
732 371 854 411 quam
902 359 1121 400 fasciculus
1172 357 1287 397 striae
1340 364 1546 408 occupat,
1598 353 1714 393 striae

133 426 332 479 exiguam
376 433 536 478 partem
581 422 855 473 continuant,
906 423 979 462 sub
1016 435 1148 475 eaque
1185 421 1375 463 radiatim
1422 427 1713 467 concurrunt,

131 491 180 540 a)
216 489 317 540 alia,
354 500 477 541 quam
514 488 719 528 continuo
756 487 918 538 dicam,
956 486 1130 527 musculi
1175 486 1375 540 portione
1411 483 1617 535 reliquam
1655 483 1714 522 se—

130 553 195 593 dis
242 551 480 593 insertionis
524 562 687 605 partem
733 559 984 605 occupante.
1070 550 1213 591 Aliter
1256 562 1360 602 ergo
1398 548 1435 588 se
1474 546 1631 587 habent
1666 544 1715 585 fi-

129 616 227 657 brae
263 616 421 657 ordinis
461 616 587 669 primi
632 616 673 656 in
711 615 833 656 strato
869 625 1077 665 externo,
1114 627 1218 667 quae
1263 623 1379 654 ortae
1417 626 1437 653 a
1473 611 1546 651 filo
1591 609 1714 650 carti-

127 681 298 734 lagineo
335 681 490 720 eodem
525 678 569 732 b)
606 680 713 720 adeo
749 679 924 732 oblique
962 679 1317 732 progrediuntur,
1369 686 1415 717 vt
1458 686 1588 716 totam
1626 674 1713 714 stri-

127 757 194 785 am
229 745 278 786 ad
315 745 628 785 extremitatem
664 756 797 797 vsque
832 743 900 783 sua
934 743 1162 783 insertione
1200 750 1436 794 occupent,
1470 741 1510 790 c)
1546 738 1711 778 muscu-

127 807 305 862 lumque
340 808 392 849 fic
429 808 614 849 efficiant
646 808 775 861 longe
813 807 1031 848 maiorem.
1108 807 1179 847 Ad
1217 805 1451 846 musculum
1489 803 1604 843 striae
1640 801 1712 842 vbi

124 881 415 927 peruenerunt
458 872 607 913 diuerfi
653 871 862 922 fasciculi,
920 884 1027 925 quos
1071 870 1201 911 fibrae
1247 870 1406 910 ordinis
1452 867 1578 922 primi
1622 865 1715 907 effi·

124 938 268 989 ciunt,
320 937 657 978 extremitatibus
694 935 958 977 tenuioribus
996 936 1039 975 in
1077 935 1283 989 angustius
1323 934 1498 987 spatium
1537 930 1712 972 coerciti

122 1002 172 1043 ad
210 1001 339 1042 finem
377 1001 550 1042 musculi
587 1001 702 1041 striae
737 1000 987 1040 inseruntur.
1032 1000 1087 1052 d)
1160 999 1218 1040 Vt
1253 1011 1358 1037 vnus
1395 997 1554 1036 alterne
1593 995 1711 1034 fasci-

125 1064 321 1106 culorum
359 1065 458 1106 huic
494 1063 685 1104 musculo
721 1063 793 1115 ipfi
830 1064 869 1102 se
906 1063 1129 1113 adiungat,
1181 1061 1334 1101 caeteri
1380 1071 1531 1100 omnes
1575 1071 1709 1111 prope

120 1128 253 1170 finem
289 1129 404 1181 eius,
457 1127 529 1168 vbi
566 1127 616 1167 ad
655 1127 852 1166 dextrum
888 1125 1174 1166 ventriculum
1212 1124 1252 1164 se
1287 1124 1437 1174 flectit,
1494 1123 1534 1162 in
1573 1122 1707 1162 striam

120 1191 366 1233 inserantur.
452 1191 572 1230 Tum
609 1190 686 1229 alia
722 1202 825 1228 vero
862 1188 904 1226 in
947 1188 1031 1226 hoc
1076 1189 1206 1227 corde
1251 1188 1395 1239 portio
1432 1186 1556 1226 huius
1595 1198 1709 1224 mus-

124 1255 209 1294 culi
246 1255 390 1303 datur‚
441 1252 481 1304 e)
535 1264 758 1305 emergens
804 1263 859 1291 ex
903 1249 1122 1290 interstitio
1166 1251 1276 1290 inter
1318 1251 1504 1303 priorem
1542 1250 1708 1301 portio-

120 1331 222 1358 nem
249 1315 303 1372 s)
338 1326 381 1356 et
416 1315 629 1356 funiculos
674 1314 833 1356 ordinis
880 1314 1064 1354 secundi.
1099 1314 1149 1367 g)
1233 1314 1350 1355 Haec
1394 1314 1465 1354 sub
1503 1313 1619 1354 dietis
1657 1313 1708 1353 fi-

122 1381 206 1421 bris
244 1394 265 1422 a
300 1380 439 1420 media
475 1381 584 1420 inter
619 1379 715 1420 bina
751 1379 819 1420 fila
853 1378 1004 1419 finistra
1040 1389 1156 1432 parte
1193 1378 1294 1419 oriri
1330 1378 1511 1419 videtur.
1593 1376 1709 1417 Inse-

119 1445 226 1486 ritur
261 1446 376 1484 iuxta
412 1444 659 1496 portionem
693 1444 882 1498 priorem
918 1444 959 1483 in
996 1453 1156 1496 partem
1194 1442 1308 1483 striae
1346 1442 1605 1496 sequentem.
1656 1440 1704 1492 h)

118 1507 185 1550 Vt
230 1516 346 1548 totus
399 1507 469 1547 hic
513 1509 622 1548 ordo
674 1508 879 1549 maiorem
933 1507 1112 1547 omnino
1162 1506 1406 1560 portionem
1460 1505 1704 1560 posterioris

117 1573 247 1627 partis
287 1571 427 1623 striae,
486 1572 599 1612 haud
637 1581 768 1613 totam
805 1582 942 1612 tamen
981 1571 1088 1611 hanc
1133 1582 1320 1625 partem,
1375 1571 1440 1610 sua
1478 1571 1704 1611 insertione

122 1646 320 1691 occupet.
388 1635 490 1678 Non
528 1635 716 1677 constans
753 1637 857 1678 haec
892 1636 1038 1690 portio
1074 1635 1152 1684 est3
1201 1636 1299 1690 quin
1337 1634 1590 1688 plerumque
1627 1634 1703 1674 hae

937 1699 1014 1751 Yy
1054 1712 1076 1737 2
1573 1698 1701 1738 fibrae

117 1864 128 1907 ξ
170 1864 206 1905 ιι)
234 1862 318 1898 Tab.
342 1865 399 1898 ιχ.
427 1877 457 1900 c.

169 1925 202 1963 b)
231 1925 314 1959 Tab.
345 1925 409 1960 VI.
436 1938 468 1969 y.
493 1926 525 1959 F.
552 1938 584 1969 9,

171 1986 211 2028 c)
239 1984 322 2021 Tab.
352 1983 413 2019 Vr.
445 1996 476 2027 9.
511 1995 561 2019 ιο.
591 1996 630 2018 11.
660 1995 701 2018 12.
728 1996 760 2028 y.

167 2045 209 2087 d)
239 2045 322 2081 Tab.
350 2047 411 2079 IX.
440 2059 467 2080 c.

169 2108 206 2147 ι)
235 2106 319 2141 Tab.
346 2107 403 2140 IX.
432 2119 464 2141 0.

171 2165 210 2211 f)
242 2167 325 2200 Tab.
354 2169 408 2200 IX.
437 2180 482 2201 m.
512 2179 544 2202 n.
574 2181 601 2202 e.

168 2229 210 2274 gl
241 2226 331 2263 Tab.
357 2230 410 2262 IX.
438 2242 470 2263 n.
500 2241 524 2264 r.
553 2241 578 2265 s,

169 2287 204 2334 b)
234 2289 318 2325 Tab.
346 2289 405 2326 lx.
434 2303 464 2326 c.
489 2303 515 2325 c.
