2080 2682
151 1294 236 1331 Tab.
264 1296 304 1332 Π.

167 1347 236 1395 fig.
262 1359 297 1392 4.

887 138 1416 198 ==(116>-—-—--

409 346 862 421 CVRVIS
960 269 1880 429 HngRBOLICIS

340 466 514 524 QVAE
561 468 762 512 INTRA
814 468 965 514 SVAS
1012 471 1434 518 ASSYMTOTAS
1481 476 1764 521 SPATIVM
1806 465 1956 522 FINI-

858 566 1007 610 TVM
1041 565 1439 615 INCLVDVNT.

1039 706 1234 751 Auc‘tore

923 792 971 836 L.
1038 793 1074 836 E
1097 794 1176 837 VL
1193 795 1230 837 E
1249 794 1288 838 R
1311 795 1366 839 Ο.

681 991 868 1034 Conuem.
915 993 1052 1035 exhib.
1098 995 1160 1035 die
1203 1009 1254 1055 {3
1297 995 1418 1038 Febr.
1467 1009 1605 1050 1777.

1124 1194 1164 1223 1.

336 1267 686 1388 Confiderabo
732 1286 804 1330 hic
849 1287 1064 1331 eiusmodi
1101 1302 1249 1332 curuas
1285 1289 1588 1345 hyperbolicas
1613 1320 1626 1345 ,
1674 1302 1852 1344 quarum
1891 1289 1951 1333 as-

466 1355 674 1407 symtotae
710 1355 822 1396 inter
857 1355 896 1396 se
935 1357 1027 1396 sunt
1062 1357 1311 1408 normales,
1367 1357 1598 1411 quoniam,
1655 1369 1761 1410 quac
1793 1357 1845 1397 de
1881 1356 1950 1398 his

336 1420 629 1477 reperientur,
683 1420 828 1462 omnia
881 1421 1005 1462 facile
1060 1422 1109 1462 ad
1167 1420 1441 1475 Hyperbolas
1494 1420 1825 1476 obliquangulas
1880 1434 1951 1463 ac-

337 1484 607 1529 commodari
652 1485 835 1539 possunt.
936 1485 1000 1528 Sit
1049 1487 1182 1541 igitur
1224 1484 1315 1542 fY
1345 1498 1364 1527 e
1407 1487 1623 1529 eiusmodi
1667 1485 1950 1540 Hyperbola,

336 1553 456 1593 cuius
495 1551 742 1603 affymtotae
780 1549 860 1592 CF
897 1561 940 1592 et
975 1549 1062 1593 CE
1099 1553 1176 1592 sint
1211 1552 1322 1592 inter
1358 1551 1399 1593 se
1436 1552 1670 1604 normales,
1707 1561 1833 1606 atque
1870 1564 1952 1592 no-

335 1616 400 1658 bis
447 1615 517 1656 hic
561 1615 618 1655 est
662 1616 930 1669 propositum
976 1629 1046 1657 eas
1092 1617 1220 1657 huius
1266 1616 1434 1669 generis
1473 1630 1622 1657 curuas
1658 1615 1948 1670 inuestigare,

338 1693 445 1735 quae
489 1680 689 1732 vtrinque
734 1679 776 1719 in
821 1679 1036 1719 infinitum
1083 1680 1355 1720 continuatae
1399 1681 1506 1722 intra
1560 1681 1648 1721 suas
1703 1681 1948 1732 ass'ymtotas

334 1746 514 1801 spatium
550 1743 719 1784 finitum
755 1744 991 1785 includant.
1059 1744 1131 1785 Ad
1169 1744 1254 1784 hoc
1289 1744 1420 1798 igitur
1454 1745 1713 1800 requiritur,
1748 1754 1820 1798 vt,
1865 1758 1949 1800 po-

333 1811 419 1851 sitis
457 1809 721 1851 coordinatis
760 1807 796 1850 C
820 1809 956 1850 sz
991 1818 1034 1850 et
1067 1806 1308 1862 XZzy,
1345 1810 1532 1852 formula
1567 1810 1786 1864 integralis
1812 1809 1948 1863 sny

334 1876 392 1917 ita
436 1875 484 1915 fit
527 1882 798 1928 comparata,
850 1884 896 1915 vt
940 1887 961 1915 a
1004 1875 1189 1915 termino
1224 1888 1382 1915 xzo
1429 1888 1563 1928 vsque
1615 1876 1667 1916 ad
1714 1876 1946 1917 terminum

332 1954 515 1982 xzoo
553 1938 750 1991 extensa,
784 1938 976 1980 valorem
1013 1939 1180 1981 finitum
1218 1939 1425 1981 obtineat.
1478 1938 1646 1982 Notum
1684 1952 1826 1981 autem
1862 1941 1946 1992 est,

332 2006 495 2047 nullam
534 2005 683 2045 talium
721 2017 945 2046 curuarum
983 2005 1238 2060 aequatione
1276 2005 1467 2047 binomia
1503 2007 1814 2062 expressarum,
1869 2019 1946 2047 ve·

332 2071 412 2112 luti
448 2070 616 2120 xmyn:
641 2082 682 2122 1,
718 2069 796 2110 hac
832 2070 1097 2125 proprietate
1133 2070 1365 2126 praeditam
1402 2071 1509 2123 csse,
1546 2071 1613 2111 sed
1652 2072 1818 2125 semper
1853 2070 1944 2125 spa-

333 2136 441 2176 tium
477 2135 528 2176 ad
566 2134 809 2176 alterutram
854 2137 1121 2187 assymtotam
1165 2136 1346 2177 relatum
1391 2135 1554 2176 infinite
1599 2149 1802 2190 magnum
1840 2148 1941 2188 pro·

333 2201 450 2252 dire,
486 2209 612 2254 atque
649 2200 756 2242 adeo
791 2201 835 2242 in
870 2200 1128 2257 Hyper-bola
1163 2201 1316 2244 conica
1350 2210 1582 2257 Vtrumque
1625 2201 1804 2257 Ipatium
1839 2211 1938 2239 eua-

332 2264 434 2307 dere
468 2264 699 2306 infinitum.

1818 2327 1854 2382 §.
1894 2339 1936 2366 2.
