2080 2682
662 121 810 136 ---
840 100 996 156 (361)

370 217 628 272 Comparatio
663 229 747 257 cum
781 217 916 256 ordine
940 214 1111 270 secundo
1140 216 1268 270 strati
1300 217 1468 259 externi.

317 314 523 370 Quamuis
559 313 761 366 anaiogus
799 312 868 354 hic
905 313 1014 353 ordo
1051 313 1340 355 funiculorum
1387 313 1551 355 funium
1596 312 1711 355 ordi-

123 380 166 421 ni
202 379 244 420 in
280 379 402 420 strato
438 389 640 425 externo;
676 378 890 432 insigniter
926 387 1066 418 tamen
1103 388 1145 419 et
1181 379 1322 420 differt
1356 379 1406 421 ab
1447 392 1514 420 eo.
1583 378 1627 419 A
1661 378 1712 419 fi-

121 445 167 486 lo
205 444 475 496 cartilagineo
520 443 746 494 anteriori,
801 456 822 482 a
864 441 946 481 bafi
989 454 1119 495 porro
1165 453 1306 485 aortae
1342 453 1384 485 ct
1426 458 1448 486 a
1483 443 1709 484 columnae

123 508 386 562 triangularis
431 507 526 547 sede
563 517 764 560 vterquae
810 506 959 547 oritur.
1015 507 1061 560 α)
1145 508 1265 548 Tum
1311 508 1432 549 funes
1477 518 1616 549 autem
1653 508 1711 547 ita

123 571 298 626 oblique
328 573 369 611 in
399 571 603 625 superiori
640 571 722 611 iam
751 570 969 625 superficie
999 573 1357 625 progrediuntur,
1391 582 1437 613 vt
1464 573 1569 613 nacti
1602 584 1713 612 mar-

123 637 266 689 ginem
302 634 527 676 ventriculi
565 635 782 676 dimidiam
820 635 908 675 eius
953 644 1114 687 partem
1156 637 1435 690 posteriorem
1472 644 1712 690 occupent;

121 699 167 752 b)
206 700 380 740 funiculi
419 709 591 751 contra,
628 699 880 740 transferfim
918 700 1004 739 fere
1041 701 1267 754 progressi,
1321 700 1451 742 solam
1490 700 1713 754 gibbosam

121 763 211 804 eius
257 774 444 817 partem,
496 763 567 805 vbi
605 764 655 806 ad
693 764 925 817 marginem
972 777 1106 817 vsque
1151 778 1413 819 peruenere,
1465 773 1627 818 tegunt.
1671 763 1711 817 c)

121 827 470 869 Rhomboideam
505 829 593 879 iili,
648 829 691 869 hi
731 829 974 882 quadratam
1020 830 1131 881 fere,
1182 829 1361 883 figuram
1397 831 1440 870 in
1476 830 1555 870 hac
1591 829 1715 881 supe-

120 892 224 933 riori
261 892 479 946 superficie
517 893 719 933 efficiunt.
805 892 1058 934 Inferiorem
1097 895 1196 934 dum
1234 895 1554 948 ingrediuntur,
1590 893 1715 933 vtris-

120 968 207 1010 -que
251 970 385 1010 aeque
430 958 494 997 ad·
524 955 879 1010 longitudinalem
928 960 1257 999 nunc'duftum
1304 960 1438 1012 magis
1485 958 1715 1011 appropin-

125 1021 377 1073 quantibus,
412 1022 480 1062 vel
516 1021 812 1061 recedentibus
850 1035 871 1062 a
908 1022 1167 1071 transverso,
1206 1035 1259 1061 eo
1282 1035 1418 1075 vsque
1456 1023 1578 1060 funes
1618 1021 1715 1059 des-

124 1085 336 1136 cendunt,
390 1094 436 1124 vt
470 1085 632 1136 apicem
673 1083 897 1123 ventriculi
942 1084 1081 1124 versus
1128 1084 1350 1125 tendentes
1388 1085 1427 1124 in
1468 1084 1717 1125 fascicuium

123 1148 296 1187 demum
334 1147 599 1188 terminalem
637 1147 884 1186 inferiorem
921 1149 1029 1186 terra
1065 1149 1304 1197 incurrant,
1342 1150 1396 1200 d)
1446 1148 1589 1187 omiffa
1628 1156 1716 1188 tota

123 1212 213 1250 stria
251 1212 484 1260 dexterius,
521 1220 562 1249 et
599 1211 772 1249 dimidia
810 1210 896 1247 fere
933 1210 1106 1262 obliqua
1149 1219 1264 1261 parte
1302 1211 1534 1251 dexteriori
1572 1211 1717 1263 super-

124 1273 236 1312 ficiei
273 1272 485 1311 inferioris
523 1272 763 1320 ventriculi,
800 1284 877 1323 pro
914 1272 1065 1312 ordine
1100 1273 1241 1326 primo
1277 1273 1506 1324 fibrarum,
1543 1275 1583 1327 e)
1622 1274 1717 1315 sini-

125 1337 269 1376 sterius
317 1335 550 1375 vniucrsam
597 1334 858 1388 superficiem
905 1336 952 1376 ad
1001 1337 1234 1389 marginem
1272 1351 1406 1392 Vsque
1444 1339 1714 1392 occupando.

126 1399 322 1442 Funiculi
369 1410 538 1450 contra.>
596 1399 787 1450 quamuis
824 1401 979 1453 pariter
1014 1402 1062 1441 ad
1100 1401 1455 1455 longitudinalem
1492 1417 1547 1444 ex
1581 1403 1717 1456 priori

125 1466 200 1504 suo
240 1464 362 1503 durstu
402 1464 525 1514 flexi„
577 1473 715 1503 tamen
753 1477 843 1504 eam
884 1464 1016 1506 modo
1053 1466 1248 1506 obtinent
1291 1467 1617 1520 obliquitatem,
1671 1477 1717 1508 vt

128 1529 180 1570 ad
220 1528 399 1567 mediam
438 1540 570 1579 vsque
608 1538 766 1580 partem
803 1529 943 1581 striae,
990 1543 1066 1570 nec
1104 1531 1306 1581 vlterius7
1358 1532 1633 1585 perueniant7
1659 1531 1716 1587 f)

130 1593 327 1645 exiguam
366 1592 580 1632 dexrerius
619 1602 660 1632 et
694 1592 881 1645 superius
918 1606 997 1647 pro
1033 1594 1173 1646 primo
1210 1596 1360 1636 ordine
1400 1596 1628 1649 fibrarum,
1673 1604 1716 1636 et

127 1658 202 1698 vix
245 1658 436 1697 oerauam
482 1656 611 1696 tocius
657 1657 868 1698 inferioris
914 1658 1176 1712 superficiei,
1228 1669 1392 1714 partem
1428 1673 1604 1702 vacuam
1651 1673 1716 1701 re-

1637 1725 1718 1765 lin-

179 1884 215 1925 a)
245 1885 332 1919 Tab.
362 1886 420 1919 IV.
450 1886 491 1926 Q.
520 1886 558 1922 C,
584 1885 626 1918 D.
677 1885 762 1920 Tab.
790 1887 866 1923 VIIx
894 1888 940 1923 H.
966 1889 1006 1923 G.
1033 1889 1064 1925 Β.
1093 1888 1135 1924 Ε.

181 1941 219 1989 b)
249 1943 336 1978 Tab.
367 1943 433 1979 1V.
461 1946 510 1988 Q
531 1946 574 1978 R·
718 1964 724 1967 ·

166 2008 218 2049 rc)
246 2007 328 2040 Tab.
358 2007 432 2042 VII.
458 2008 501 2040 H.
529 2009 566 2043 G.
594 2008 630 2043 E.
659 2015 710 2049 28.

182 2067 218 2111 d)
248 2067 333 2110 Tab,
362 2066 427 2102 Vr.
457 2078 498 2109 13.
527 2080 570 2112 52.
598 2079 654 2114 74.
683 2080 730 2113 75,

182 2129 218 2170 e)
249 2129 330 2162 Tab.
358 2129 422 2163 VI.
451 2140 484 2172 9.
511 2141 555 2172 52.
583 2131 623 2165 C.

175 2189 221 2236 s)
250 2189 336 2223 Tab.
365 2190 417 2223 lx.
446 2202 477 2237 p.
505 2203 534 2225 x.
564 2201 589 2234 5.
617 2202 650 2233 3-

197 2264 316 2307 Noua
334 2264 438 2306 Αέῖα
455 2265 586 2308 Acad.
605 2266 708 2322 Imp.
727 2266 798 2311 Sc.
816 2266 864 2311 T.
885 2269 1005 2312 VIII.
1314 2270 1351 2314 Z
1371 2285 1395 2314 z
