<?xml version="1.0" encoding="UTF-8"?>
<!DOCTYPE html PUBLIC "-//W3C//DTD XHTML 1.0 Transitional//EN"
    "http://www.w3.org/TR/xhtml1/DTD/xhtml1-transitional.dtd">
<html xmlns="http://www.w3.org/1999/xhtml" xml:lang="en" lang="en">
 <head>
  <title>
</title>
<meta http-equiv="Content-Type" content="text/html;charset=utf-8" />
  <meta name='ocr-system' content='tesseract 3.04.00' />
  <meta name='ocr-capabilities' content='ocr_page ocr_carea ocr_par ocr_line ocrx_word'/>
</head>
<body>
  <div class='ocr_page' id='page_1' title='image "./novaactaacademia08impe_0430.png"; bbox 0 0 2080 2682; ppageno 0'>
   <div class='ocr_carea' id='block_1_1' title="bbox 895 111 1420 167">
    <p class='ocr_par' dir='ltr' id='par_1_1' title="bbox 895 111 1420 167">
     <span class='ocr_line' id='line_1_1' title="bbox 895 111 1420 167; baseline -0.004 1"><span class='ocrx_word' id='word_1_1' title='bbox 895 128 1047 144; x_wconf 85' lang='lat'>--</span> <span class='ocrx_word' id='word_1_2' title='bbox 1080 111 1235 167; x_wconf 82' lang='grc'>(336)</span> <span class='ocrx_word' id='word_1_3' title='bbox 1268 129 1420 155; x_wconf 84' lang='lat'><strong><em>====</em></strong></span> 
     </span>
    </p>
   </div>
   <div class='ocr_carea' id='block_1_2' title="bbox 895 146 1047 157">
    <p class='ocr_par' dir='ltr' id='par_1_2' title="bbox 895 146 1047 157">
     <span class='ocr_line' id='line_1_2' title="bbox 895 146 1047 157; baseline 0 2525"><span class='ocrx_word' id='word_1_4' title='bbox 895 146 1047 157; x_wconf 95' lang='lat' dir='ltr'> </span> 
     </span>
    </p>
   </div>
   <div class='ocr_carea' id='block_1_3' title="bbox 351 222 1968 348">
    <p class='ocr_par' dir='ltr' id='par_1_3' title="bbox 351 222 1968 348">
     <span class='ocr_line' id='line_1_3' title="bbox 353 222 1968 281; baseline -0.003 -10"><span class='ocrx_word' id='word_1_5' title='bbox 353 226 491 271; x_wconf 83' lang='lat' dir='ltr'>olatus</span> <span class='ocrx_word' id='word_1_6' title='bbox 530 224 883 281; x_wconf 73' lang='lat' dir='ltr'>stipersattlratUS‚</span> <span class='ocrx_word' id='word_1_7' title='bbox 919 226 1013 279; x_wconf 89' lang='lat' dir='ltr'>post</span> <span class='ocrx_word' id='word_1_8' title='bbox 1049 227 1259 269; x_wconf 77' lang='lat' dir='ltr'>fusionem</span> <span class='ocrx_word' id='word_1_9' title='bbox 1297 227 1354 267; x_wconf 79' lang='lat' dir='ltr'>ita</span> <span class='ocrx_word' id='word_1_10' title='bbox 1382 225 1483 266; x_wconf 83' lang='lat' dir='ltr'>vitri</span> <span class='ocrx_word' id='word_1_11' title='bbox 1518 223 1567 266; x_wconf 81' lang='lat' dir='ltr'>ad</span> <span class='ocrx_word' id='word_1_12' title='bbox 1605 222 1731 266; x_wconf 84' lang='lat' dir='ltr'>instar</span> <span class='ocrx_word' id='word_1_13' title='bbox 1765 224 1968 280; x_wconf 86' lang='lat' dir='ltr'>durescit,</span> 
     </span>
     <span class='ocr_line' id='line_1_4' title="bbox 351 288 1627 348; baseline -0.003 -14"><span class='ocrx_word' id='word_1_14' title='bbox 351 304 399 348; x_wconf 63' lang='lat' dir='ltr'>vt</span> <span class='ocrx_word' id='word_1_15' title='bbox 434 306 521 336; x_wconf 78' lang='lat' dir='ltr'>non</span> <span class='ocrx_word' id='word_1_16' title='bbox 560 290 633 332; x_wconf 86' lang='lat' dir='ltr'>nifi</span> <span class='ocrx_word' id='word_1_17' title='bbox 671 288 927 332; x_wconf 88' lang='lat' dir='ltr'>difficillime</span> <span class='ocrx_word' id='word_1_18' title='bbox 963 291 1006 332; x_wconf 88' lang='lat' dir='ltr'>in</span> <span class='ocrx_word' id='word_1_19' title='bbox 1043 293 1270 347; x_wconf 88' lang='lat' dir='ltr'>puluerem</span> <span class='ocrx_word' id='word_1_20' title='bbox 1306 291 1445 346; x_wconf 82' lang='lat' dir='ltr'><strong>redigi</strong></span> <span class='ocrx_word' id='word_1_21' title='bbox 1486 300 1627 345; x_wconf 84' lang='lat' dir='ltr'><strong>queat.</strong></span> 
     </span>
    </p>
   </div>
   <div class='ocr_carea' id='block_1_4' title="bbox 957 412 1370 456">
    <p class='ocr_par' dir='ltr' id='par_1_4' title="bbox 957 412 1370 456">
     <span class='ocr_line' id='line_1_5' title="bbox 957 412 1370 456; baseline -0.005 -1"><span class='ocrx_word' id='word_1_22' title='bbox 957 413 1172 455; x_wconf 90' lang='lat' dir='ltr'><strong>EXPER.</strong></span> <span class='ocrx_word' id='word_1_23' title='bbox 1223 412 1370 456; x_wconf 87' lang='lat' dir='ltr'><strong>XVII.</strong></span> 
     </span>
    </p>
   </div>
   <div class='ocr_carea' id='block_1_5' title="bbox 355 487 1973 806">
    <p class='ocr_par' dir='ltr' id='par_1_5' title="bbox 355 487 1973 806">
     <span class='ocr_line' id='line_1_6' title="bbox 548 487 1970 544; baseline -0.004 -11"><span class='ocrx_word' id='word_1_24' title='bbox 548 489 790 533; x_wconf 79' lang='lat' dir='ltr'>Drachmas</span> <span class='ocrx_word' id='word_1_25' title='bbox 833 492 892 528; x_wconf 91' lang='lat'>26</span> <span class='ocrx_word' id='word_1_26' title='bbox 927 490 1052 531; x_wconf 85' lang='lat' dir='ltr'>sodae</span> <span class='ocrx_word' id='word_1_27' title='bbox 1097 489 1289 531; x_wconf 83' lang='lat' dir='ltr'>acetosae</span> <span class='ocrx_word' id='word_1_28' title='bbox 1337 490 1436 544; x_wconf 87' lang='lat' dir='ltr'><strong>igne</strong></span> <span class='ocrx_word' id='word_1_29' title='bbox 1471 487 1789 530; x_wconf 87' lang='lat' dir='ltr'>vehementiori</span> <span class='ocrx_word' id='word_1_30' title='bbox 1832 487 1970 538; x_wconf 83' lang='lat' dir='ltr'>lique·</span> 
     </span>
     <span class='ocr_line' id='line_1_7' title="bbox 357 553 1972 610; baseline -0.004 -11"><span class='ocrx_word' id='word_1_31' title='bbox 357 556 512 610; x_wconf 68' lang='lat' dir='ltr'>sastaS,</span> <span class='ocrx_word' id='word_1_32' title='bbox 561 556 604 597; x_wconf 90' lang='lat' dir='ltr'>in</span> <span class='ocrx_word' id='word_1_33' title='bbox 653 554 906 597; x_wconf 82' lang='lat' dir='ltr'>mortarium</span> <span class='ocrx_word' id='word_1_34' title='bbox 954 555 1173 610; x_wconf 87' lang='lat' dir='ltr'>lapideum</span> <span class='ocrx_word' id='word_1_35' title='bbox 1210 553 1360 596; x_wconf 85' lang='lat' dir='ltr'>effusas</span> <span class='ocrx_word' id='word_1_36' title='bbox 1398 564 1441 595; x_wconf 89' lang='lat' dir='ltr'>et</span> <span class='ocrx_word' id='word_1_37' title='bbox 1475 554 1515 593; x_wconf 89' lang='lat' dir='ltr'>in</span> <span class='ocrx_word' id='word_1_38' title='bbox 1553 554 1776 607; x_wconf 87' lang='lat' dir='ltr'>puluerem</span> <span class='ocrx_word' id='word_1_39' title='bbox 1824 555 1972 594; x_wconf 86' lang='lat' dir='ltr'>redac-</span> 
     </span>
     <span class='ocr_line' id='line_1_8' title="bbox 356 617 1973 672; baseline -0.002 -10"><span class='ocrx_word' id='word_1_40' title='bbox 356 630 446 671; x_wconf 83' lang='lat' dir='ltr'>tas,</span> <span class='ocrx_word' id='word_1_41' title='bbox 501 634 598 662; x_wconf 87' lang='lat' dir='ltr'>cum</span> <span class='ocrx_word' id='word_1_42' title='bbox 646 622 745 663; x_wconf 62' lang='lat' dir='ltr'>octo</span> <span class='ocrx_word' id='word_1_43' title='bbox 790 621 925 661; x_wconf 86' lang='lat' dir='ltr'>vnciis</span> <span class='ocrx_word' id='word_1_44' title='bbox 979 621 1119 662; x_wconf 79' lang='lat' dir='ltr'>tartari</span> <span class='ocrx_word' id='word_1_45' title='bbox 1166 620 1370 661; x_wconf 86' lang='lat' dir='ltr'>vitriolati</span> <span class='ocrx_word' id='word_1_46' title='bbox 1424 619 1714 672; x_wconf 67' lang='lat' dir='ltr'>superlaturaii</span> <span class='ocrx_word' id='word_1_47' title='bbox 1767 617 1973 659; x_wconf 77' lang='lat' dir='ltr'>sicciffimi</span> 
     </span>
     <span class='ocr_line' id='line_1_9' title="bbox 355 682 1971 743; baseline -0.002 -15"><span class='ocrx_word' id='word_1_48' title='bbox 355 687 493 743; x_wconf 80' lang='lat' dir='ltr'>probe</span> <span class='ocrx_word' id='word_1_49' title='bbox 533 687 688 727; x_wconf 67' lang='lat' dir='ltr'>mixtas</span> <span class='ocrx_word' id='word_1_50' title='bbox 725 686 995 728; x_wconf 84' lang='lat' dir='ltr'>destillationi</span> <span class='ocrx_word' id='word_1_51' title='bbox 1035 685 1243 728; x_wconf 70' lang='lat' dir='ltr'>lenissimo</span> <span class='ocrx_word' id='word_1_52' title='bbox 1280 685 1379 738; x_wconf 76' lang='lat' dir='ltr'>igne</span> <span class='ocrx_word' id='word_1_53' title='bbox 1417 684 1599 731; x_wconf 82' lang='lat' dir='ltr'>subieci3</span> <span class='ocrx_word' id='word_1_54' title='bbox 1658 697 1744 736; x_wconf 87' lang='lat' dir='ltr'>quo</span> <span class='ocrx_word' id='word_1_55' title='bbox 1791 682 1971 724; x_wconf 85' lang='lat' dir='ltr'>artificio</span> 
     </span>
     <span class='ocr_line' id='line_1_10' title="bbox 362 748 1939 806; baseline -0.003 -14"><span class='ocrx_word' id='word_1_56' title='bbox 362 764 422 805; x_wconf 65' lang='grc'>14-</span> <span class='ocrx_word' id='word_1_57' title='bbox 458 752 683 794; x_wconf 78' lang='lat' dir='ltr'>drachmas</span> <span class='ocrx_word' id='word_1_58' title='bbox 719 753 827 793; x_wconf 85' lang='lat' dir='ltr'>aceti</span> <span class='ocrx_word' id='word_1_59' title='bbox 866 751 1055 806; x_wconf 84' lang='lat' dir='ltr'>glacialis</span> <span class='ocrx_word' id='word_1_60' title='bbox 1096 762 1157 803; x_wconf 84' lang='lat'>54</span> <span class='ocrx_word' id='word_1_61' title='bbox 1192 751 1400 806; x_wconf 80' lang='lat' dir='ltr'>graduum</span> <span class='ocrx_word' id='word_1_62' title='bbox 1439 749 1718 793; x_wconf 84' lang='lat' dir='ltr'>laetabundus</span> <span class='ocrx_word' id='word_1_63' title='bbox 1756 748 1939 790; x_wconf 88' lang='lat' dir='ltr'>obtinui.</span> 
     </span>
    </p>
   </div>
   <div class='ocr_carea' id='block_1_6' title="bbox 364 878 1977 1068">
    <p class='ocr_par' dir='ltr' id='par_1_6' title="bbox 364 878 1977 1068">
     <span class='ocr_line' id='line_1_11' title="bbox 559 878 1976 936; baseline -0.005 -12"><span class='ocrx_word' id='word_1_64' title='bbox 559 882 624 924; x_wconf 94' lang='lat' dir='ltr'>Vt</span> <span class='ocrx_word' id='word_1_65' title='bbox 669 881 802 934; x_wconf 83' lang='lat' dir='ltr'>nihil,</span> <span class='ocrx_word' id='word_1_66' title='bbox 858 895 945 936; x_wconf 90' lang='lat' dir='ltr'>quo</span> <span class='ocrx_word' id='word_1_67' title='bbox 984 881 1164 936; x_wconf 80' lang='lat' dir='ltr'>aquosae</span> <span class='ocrx_word' id='word_1_68' title='bbox 1210 890 1348 936; x_wconf 86' lang='lat' dir='ltr'>partes</span> <span class='ocrx_word' id='word_1_69' title='bbox 1385 894 1407 921; x_wconf 91' lang='lat' dir='ltr'>e</span> <span class='ocrx_word' id='word_1_70' title='bbox 1445 878 1597 921; x_wconf 87' lang='lat' dir='ltr'>salibus</span> <span class='ocrx_word' id='word_1_71' title='bbox 1637 891 1820 932; x_wconf 87' lang='lat' dir='ltr'>quorum</span> <span class='ocrx_word' id='word_1_72' title='bbox 1859 887 1976 919; x_wconf 75' lang='lat' dir='ltr'>tena-</span> 
     </span>
     <span class='ocr_line' id='line_1_12' title="bbox 365 942 1977 1000; baseline -0.004 -11"><span class='ocrx_word' id='word_1_73' title='bbox 365 948 547 990; x_wconf 73' lang='lat' dir='ltr'>ciffimae</span> <span class='ocrx_word' id='word_1_74' title='bbox 586 947 703 999; x_wconf 89' lang='lat' dir='ltr'>sunt,</span> <span class='ocrx_word' id='word_1_75' title='bbox 750 947 1095 1000; x_wconf 80' lang='lat' dir='ltr'>expellerentur,</span> <span class='ocrx_word' id='word_1_76' title='bbox 1147 947 1403 988; x_wconf 80' lang='lat' dir='ltr'>intentatum</span> <span class='ocrx_word' id='word_1_77' title='bbox 1437 946 1753 999; x_wconf 81' lang='lat' dir='ltr'>relinquerem:</span> <span class='ocrx_word' id='word_1_78' title='bbox 1805 942 1977 998; x_wconf 84' lang='lat' dir='ltr'>experi-</span> 
     </span>
     <span class='ocr_line' id='line_1_13' title="bbox 364 1006 1353 1068; baseline -0.002 -13"><span class='ocrx_word' id='word_1_79' title='bbox 364 1006 512 1055; x_wconf 79' lang='lat' dir='ltr'>menta</span> <span class='ocrx_word' id='word_1_80' title='bbox 548 1015 700 1055; x_wconf 81' lang='lat' dir='ltr'>eadem</span> <span class='ocrx_word' id='word_1_81' title='bbox 736 1012 929 1068; x_wconf 89' lang='lat' dir='ltr'>sequenti</span> <span class='ocrx_word' id='word_1_82' title='bbox 965 1013 1133 1056; x_wconf 80' lang='lat' dir='ltr'>ratione</span> <span class='ocrx_word' id='word_1_83' title='bbox 1170 1011 1353 1054; x_wconf 84' lang='lat' dir='ltr'>variaui:</span> 
     </span>
    </p>
   </div>
   <div class='ocr_carea' id='block_1_7' title="bbox 954 1138 1387 1182">
    <p class='ocr_par' dir='ltr' id='par_1_7' title="bbox 954 1138 1387 1182">
     <span class='ocr_line' id='line_1_14' title="bbox 954 1138 1387 1182; baseline -0.002 -2"><span class='ocrx_word' id='word_1_84' title='bbox 954 1139 1168 1181; x_wconf 85' lang='lat' dir='ltr'><strong>EXPER.</strong></span> <span class='ocrx_word' id='word_1_85' title='bbox 1218 1138 1387 1182; x_wconf 78' lang='lat' dir='ltr'>XVIII.</span> 
     </span>
    </p>
   </div>
   <div class='ocr_carea' id='block_1_8' title="bbox 367 1213 1984 2048">
    <p class='ocr_par' dir='ltr' id='par_1_8' title="bbox 367 1213 1984 2048">
     <span class='ocr_line' id='line_1_15' title="bbox 562 1213 1979 1265; baseline -0.003 -6"><span class='ocrx_word' id='word_1_86' title='bbox 562 1216 702 1259; x_wconf 85' lang='lat' dir='ltr'>Sodae</span> <span class='ocrx_word' id='word_1_87' title='bbox 741 1215 934 1256; x_wconf 82' lang='lat' dir='ltr'>acetosae</span> <span class='ocrx_word' id='word_1_88' title='bbox 972 1216 1196 1255; x_wconf 81' lang='lat' dir='ltr'>drachmas</span> <span class='ocrx_word' id='word_1_89' title='bbox 1230 1219 1287 1252; x_wconf 86' lang='lat'>26</span> <span class='ocrx_word' id='word_1_90' title='bbox 1318 1215 1468 1255; x_wconf 83' lang='lat' dir='ltr'>fufioni</span> <span class='ocrx_word' id='word_1_91' title='bbox 1506 1213 1788 1265; x_wconf 75' lang='lat' dir='ltr'>diuturniori,</span> <span class='ocrx_word' id='word_1_92' title='bbox 1827 1223 1869 1254; x_wconf 88' lang='lat' dir='ltr'>et</span> <span class='ocrx_word' id='word_1_93' title='bbox 1904 1227 1979 1255; x_wconf 84' lang='lat' dir='ltr'>ve-</span> 
     </span>
     <span class='ocr_line' id='line_1_16' title="bbox 367 1277 1980 1335; baseline -0.006 -8"><span class='ocrx_word' id='word_1_94' title='bbox 367 1282 643 1327; x_wconf 80' lang='lat' dir='ltr'>hementiore</span> <span class='ocrx_word' id='word_1_95' title='bbox 681 1283 810 1335; x_wconf 87' lang='lat' dir='ltr'>igne,</span> <span class='ocrx_word' id='word_1_96' title='bbox 849 1293 976 1334; x_wconf 80' lang='lat' dir='ltr'>quam</span> <span class='ocrx_word' id='word_1_97' title='bbox 1013 1281 1054 1320; x_wconf 90' lang='lat' dir='ltr'>in</span> <span class='ocrx_word' id='word_1_98' title='bbox 1091 1279 1375 1334; x_wconf 85' lang='lat' dir='ltr'>praecedente</span> <span class='ocrx_word' id='word_1_99' title='bbox 1413 1279 1739 1333; x_wconf 85' lang='lat' dir='ltr'>experimento,</span> <span class='ocrx_word' id='word_1_100' title='bbox 1774 1277 1980 1331; x_wconf 75' lang='lat' dir='ltr'>exposui,</span> 
     </span>
     <span class='ocr_line' id='line_1_17' title="bbox 371 1341 1980 1403; baseline -0.004 -14"><span class='ocrx_word' id='word_1_101' title='bbox 371 1363 452 1403; x_wconf 80' lang='lat' dir='ltr'>qua</span> <span class='ocrx_word' id='word_1_102' title='bbox 491 1347 661 1402; x_wconf 84' lang='lat' dir='ltr'>pondus</span> <span class='ocrx_word' id='word_1_103' title='bbox 699 1347 789 1386; x_wconf 88' lang='lat' dir='ltr'>eius</span> <span class='ocrx_word' id='word_1_104' title='bbox 828 1346 1027 1386; x_wconf 61' lang='lat' dir='ltr'>iacturam</span> <span class='ocrx_word' id='word_1_105' title='bbox 1067 1358 1089 1395; x_wconf 80' lang='lat'><strong><em>3</em></strong></span> <span class='ocrx_word' id='word_1_106' title='bbox 1131 1344 1430 1386; x_wconf 82' lang='lat' dir='ltr'>drachmarum</span> <span class='ocrx_word' id='word_1_107' title='bbox 1469 1344 1625 1398; x_wconf 83' lang='lat' dir='ltr'>paffum</span> <span class='ocrx_word' id='word_1_108' title='bbox 1663 1342 1731 1382; x_wconf 86' lang='lat' dir='ltr'>est.</span> <span class='ocrx_word' id='word_1_109' title='bbox 1805 1341 1980 1383; x_wconf 85' lang='lat' dir='ltr'>Eodem</span> 
     </span>
     <span class='ocr_line' id='line_1_18' title="bbox 370 1407 1982 1467; baseline -0.003 -13"><span class='ocrx_word' id='word_1_110' title='bbox 370 1423 568 1467; x_wconf 84' lang='lat' dir='ltr'>tempore</span> <span class='ocrx_word' id='word_1_111' title='bbox 615 1413 655 1452; x_wconf 92' lang='lat' dir='ltr'>in</span> <span class='ocrx_word' id='word_1_112' title='bbox 703 1412 841 1465; x_wconf 83' lang='lat' dir='ltr'>patina</span> <span class='ocrx_word' id='word_1_113' title='bbox 886 1410 1064 1464; x_wconf 80' lang='lat' dir='ltr'>figulina</span> <span class='ocrx_word' id='word_1_114' title='bbox 1110 1410 1251 1450; x_wconf 89' lang='lat' dir='ltr'>vncias</span> <span class='ocrx_word' id='word_1_115' title='bbox 1294 1418 1315 1453; x_wconf 91' lang='lat'>8</span> <span class='ocrx_word' id='word_1_116' title='bbox 1355 1411 1495 1450; x_wconf 82' lang='lat' dir='ltr'>tartari</span> <span class='ocrx_word' id='word_1_117' title='bbox 1548 1407 1752 1449; x_wconf 76' lang='lat' dir='ltr'>viti-inlati</span> <span class='ocrx_word' id='word_1_118' title='bbox 1796 1407 1982 1461; x_wconf 81' lang='lat' dir='ltr'>supersa-</span> 
     </span>
     <span class='ocr_line' id='line_1_19' title="bbox 371 1474 1983 1529; baseline -0.004 -9"><span class='ocrx_word' id='word_1_119' title='bbox 371 1479 525 1528; x_wconf 78' lang='lat' dir='ltr'>tutati,</span> <span class='ocrx_word' id='word_1_120' title='bbox 566 1477 775 1518; x_wconf 88' lang='lat' dir='ltr'>continuo</span> <span class='ocrx_word' id='word_1_121' title='bbox 811 1477 1014 1529; x_wconf 77' lang='lat' dir='ltr'>agitando</span> <span class='ocrx_word' id='word_1_122' title='bbox 1051 1487 1119 1517; x_wconf 87' lang='lat' dir='ltr'>eas</span> <span class='ocrx_word' id='word_1_123' title='bbox 1158 1474 1315 1516; x_wconf 87' lang='lat' dir='ltr'>bacillo</span> <span class='ocrx_word' id='word_1_124' title='bbox 1351 1475 1508 1525; x_wconf 85' lang='lat' dir='ltr'>vitreo,</span> <span class='ocrx_word' id='word_1_125' title='bbox 1543 1487 1618 1527; x_wconf 88' lang='lat' dir='ltr'>per</span> <span class='ocrx_word' id='word_1_126' title='bbox 1654 1474 1861 1526; x_wconf 85' lang='lat' dir='ltr'>integram</span> <span class='ocrx_word' id='word_1_127' title='bbox 1902 1474 1983 1514; x_wconf 88' lang='lat' dir='ltr'>ho-</span> 
     </span>
     <span class='ocr_line' id='line_1_20' title="bbox 372 1538 1984 1595; baseline -0.005 -9"><span class='ocrx_word' id='word_1_128' title='bbox 372 1557 461 1586; x_wconf 83' lang='lat' dir='ltr'>ram</span> <span class='ocrx_word' id='word_1_129' title='bbox 501 1543 571 1583; x_wconf 88' lang='lat' dir='ltr'>tali</span> <span class='ocrx_word' id='word_1_130' title='bbox 609 1542 787 1595; x_wconf 69' lang='lat' dir='ltr'>exposui</span> <span class='ocrx_word' id='word_1_131' title='bbox 827 1542 940 1594; x_wconf 79' lang='lat' dir='ltr'>igni,</span> <span class='ocrx_word' id='word_1_132' title='bbox 997 1550 1068 1592; x_wconf 86' lang='lat' dir='ltr'>vt,</span> <span class='ocrx_word' id='word_1_133' title='bbox 1122 1550 1327 1594; x_wconf 85' lang='lat' dir='ltr'>quantum</span> <span class='ocrx_word' id='word_1_134' title='bbox 1376 1540 1466 1580; x_wconf 90' lang='lat' dir='ltr'>fieri</span> <span class='ocrx_word' id='word_1_135' title='bbox 1515 1540 1680 1593; x_wconf 86' lang='lat' dir='ltr'>potuit,</span> <span class='ocrx_word' id='word_1_136' title='bbox 1736 1538 1895 1591; x_wconf 60' lang='lat' dir='ltr'>absque</span> <span class='ocrx_word' id='word_1_137' title='bbox 1934 1538 1984 1578; x_wconf 87' lang='lat' dir='ltr'>li·</span> 
     </span>
     <span class='ocr_line' id='line_1_21' title="bbox 373 1602 1982 1664; baseline -0.004 -15"><span class='ocrx_word' id='word_1_138' title='bbox 373 1607 617 1664; x_wconf 82' lang='lat' dir='ltr'>quescentia</span> <span class='ocrx_word' id='word_1_139' title='bbox 654 1620 760 1659; x_wconf 82' lang='lat' dir='ltr'>aqua</span> <span class='ocrx_word' id='word_1_140' title='bbox 798 1605 1152 1656; x_wconf 82' lang='lat' dir='ltr'>crystallisationis</span> <span class='ocrx_word' id='word_1_141' title='bbox 1191 1606 1311 1645; x_wconf 89' lang='lat' dir='ltr'>omni</span> <span class='ocrx_word' id='word_1_142' title='bbox 1348 1605 1629 1658; x_wconf 84' lang='lat' dir='ltr'>priuarentur.</span> <span class='ocrx_word' id='word_1_143' title='bbox 1718 1603 1808 1644; x_wconf 81' lang='lat' dir='ltr'>Hac</span> <span class='ocrx_word' id='word_1_144' title='bbox 1855 1602 1982 1644; x_wconf 83' lang='lat' dir='ltr'>calci·</span> 
     </span>
     <span class='ocr_line' id='line_1_22' title="bbox 374 1668 1981 1725; baseline -0.004 -11"><span class='ocrx_word' id='word_1_145' title='bbox 374 1674 549 1715; x_wconf 83' lang='lat' dir='ltr'>natione</span> <span class='ocrx_word' id='word_1_146' title='bbox 588 1672 757 1725; x_wconf 84' lang='lat' dir='ltr'>pondus</span> <span class='ocrx_word' id='word_1_147' title='bbox 796 1671 887 1710; x_wconf 79' lang='lat' dir='ltr'>salis</span> <span class='ocrx_word' id='word_1_148' title='bbox 927 1671 1051 1710; x_wconf 88' lang='lat' dir='ltr'>huius</span> <span class='ocrx_word' id='word_1_149' title='bbox 1088 1669 1286 1710; x_wconf 65' lang='lat' dir='ltr'>iasttiranr</span> <span class='ocrx_word' id='word_1_150' title='bbox 1326 1681 1347 1717; x_wconf 79' lang='grc'>3</span> <span class='ocrx_word' id='word_1_151' title='bbox 1375 1670 1674 1709; x_wconf 79' lang='lat' dir='ltr'>drachmarum</span> <span class='ocrx_word' id='word_1_152' title='bbox 1714 1669 1870 1722; x_wconf 72' lang='lat' dir='ltr'>paisum</span> <span class='ocrx_word' id='word_1_153' title='bbox 1909 1668 1981 1709; x_wconf 87' lang='lat' dir='ltr'>est.</span> 
     </span>
     <span class='ocr_line' id='line_1_23' title="bbox 376 1733 1983 1787; baseline -0.002 -9"><span class='ocrx_word' id='word_1_154' title='bbox 376 1738 497 1780; x_wconf 84' lang='lat' dir='ltr'>Binis</span> <span class='ocrx_word' id='word_1_155' title='bbox 536 1736 601 1776; x_wconf 87' lang='lat' dir='ltr'>his</span> <span class='ocrx_word' id='word_1_156' title='bbox 639 1735 790 1775; x_wconf 76' lang='lat' dir='ltr'>salibus</span> <span class='ocrx_word' id='word_1_157' title='bbox 830 1734 964 1787; x_wconf 80' lang='lat' dir='ltr'>probe</span> <span class='ocrx_word' id='word_1_158' title='bbox 1005 1734 1147 1774; x_wconf 85' lang='lat' dir='ltr'>mixtis</span> <span class='ocrx_word' id='word_1_159' title='bbox 1186 1743 1228 1774; x_wconf 89' lang='lat' dir='ltr'>et</span> <span class='ocrx_word' id='word_1_160' title='bbox 1263 1742 1446 1774; x_wconf 83' lang='lat' dir='ltr'>retortae</span> <span class='ocrx_word' id='word_1_161' title='bbox 1484 1734 1699 1783; x_wconf 73' lang='lat' dir='ltr'>immistis,</span> <span class='ocrx_word' id='word_1_162' title='bbox 1738 1733 1983 1774; x_wconf 76' lang='lat' dir='ltr'>destillatio-</span> 
     </span>
     <span class='ocr_line' id='line_1_24' title="bbox 375 1797 1983 1854; baseline -0.002 -13"><span class='ocrx_word' id='word_1_163' title='bbox 375 1815 474 1845; x_wconf 84' lang='lat' dir='ltr'>nem</span> <span class='ocrx_word' id='word_1_164' title='bbox 513 1800 722 1854; x_wconf 75' lang='lat' dir='ltr'>adgressus</span> <span class='ocrx_word' id='word_1_165' title='bbox 762 1798 865 1839; x_wconf 89' lang='lat' dir='ltr'>sum.</span> <span class='ocrx_word' id='word_1_166' title='bbox 936 1799 1066 1839; x_wconf 80' lang='lat' dir='ltr'>Initio</span> <span class='ocrx_word' id='word_1_167' title='bbox 1103 1799 1200 1852; x_wconf 85' lang='lat' dir='ltr'>igne</span> <span class='ocrx_word' id='word_1_168' title='bbox 1237 1798 1621 1849; x_wconf 80' lang='lat' dir='ltr'>leniffimo4aceri</span> <span class='ocrx_word' id='word_1_169' title='bbox 1659 1797 1846 1851; x_wconf 66' lang='lat' dir='ltr'>glacialis</span> <span class='ocrx_word' id='word_1_170' title='bbox 1884 1799 1983 1839; x_wconf 88' lang='lat' dir='ltr'>lim-</span> 
     </span>
     <span class='ocr_line' id='line_1_25' title="bbox 375 1863 1982 1923; baseline -0.002 -16"><span class='ocrx_word' id='word_1_171' title='bbox 375 1866 572 1923; x_wconf 83' lang='lat' dir='ltr'>pidissimi</span> <span class='ocrx_word' id='word_1_172' title='bbox 612 1865 838 1905; x_wconf 84' lang='lat' dir='ltr'>drachmae</span> <span class='ocrx_word' id='word_1_173' title='bbox 879 1876 938 1915; x_wconf 82' lang='lat'>54</span> <span class='ocrx_word' id='word_1_174' title='bbox 972 1864 1180 1917; x_wconf 82' lang='lat' dir='ltr'>graduum</span> <span class='ocrx_word' id='word_1_175' title='bbox 1227 1864 1498 1905; x_wconf 80' lang='lat' dir='ltr'>tranfierunt:</span> <span class='ocrx_word' id='word_1_176' title='bbox 1553 1866 1674 1904; x_wconf 63' lang='lat' dir='ltr'>aucto</span> <span class='ocrx_word' id='word_1_177' title='bbox 1721 1874 1863 1904; x_wconf 84' lang='lat' dir='ltr'>aurem</span> <span class='ocrx_word' id='word_1_178' title='bbox 1908 1863 1982 1903; x_wconf 88' lang='lat' dir='ltr'>de·</span> 
     </span>
     <span class='ocr_line' id='line_1_26' title="bbox 377 1928 1984 1986; baseline -0.003 -13"><span class='ocrx_word' id='word_1_179' title='bbox 377 1934 525 1986; x_wconf 83' lang='lat' dir='ltr'>inceps</span> <span class='ocrx_word' id='word_1_180' title='bbox 564 1931 660 1983; x_wconf 80' lang='lat' dir='ltr'>igne</span> <span class='ocrx_word' id='word_1_181' title='bbox 704 1942 756 1968; x_wconf 88' lang='lat'>10</span> <span class='ocrx_word' id='word_1_182' title='bbox 786 1929 926 1970; x_wconf 88' lang='lat' dir='ltr'>adhuc</span> <span class='ocrx_word' id='word_1_183' title='bbox 962 1928 1069 1970; x_wconf 77' lang='lat' dir='ltr'>aceti</span> <span class='ocrx_word' id='word_1_184' title='bbox 1109 1928 1204 1969; x_wconf 88' lang='lat' dir='ltr'>flaui</span> <span class='ocrx_word' id='word_1_185' title='bbox 1243 1929 1430 1980; x_wconf 86' lang='lat' dir='ltr'>coloris,</span> <span class='ocrx_word' id='word_1_186' title='bbox 1467 1938 1508 1969; x_wconf 84' lang='lat' dir='ltr'>at</span> <span class='ocrx_word' id='word_1_187' title='bbox 1543 1940 1691 1970; x_wconf 83' lang='lat' dir='ltr'>contra</span> <span class='ocrx_word' id='word_1_188' title='bbox 1727 1928 1984 1984; x_wconf 86' lang='lat' dir='ltr'>opinionem</span> 
     </span>
     <span class='ocr_line' id='line_1_27' title="bbox 380 1993 1502 2048; baseline -0.005 -9"><span class='ocrx_word' id='word_1_189' title='bbox 380 2010 521 2040; x_wconf 87' lang='lat' dir='ltr'>meam</span> <span class='ocrx_word' id='word_1_190' title='bbox 559 1998 619 2046; x_wconf 88' lang='lat'>46</span> <span class='ocrx_word' id='word_1_191' title='bbox 658 2004 820 2036; x_wconf 81' lang='lat' dir='ltr'>tantum</span> <span class='ocrx_word' id='word_1_192' title='bbox 858 1995 1068 2048; x_wconf 84' lang='lat' dir='ltr'>graduum</span> <span class='ocrx_word' id='word_1_193' title='bbox 1106 1993 1357 2036; x_wconf 82' lang='lat' dir='ltr'>conscentus</span> <span class='ocrx_word' id='word_1_194' title='bbox 1397 1994 1502 2034; x_wconf 90' lang='lat' dir='ltr'>sum.</span> 
     </span>
    </p>
   </div>
   <div class='ocr_carea' id='block_1_9' title="bbox 385 2113 1982 2288">
    <p class='ocr_par' dir='ltr' id='par_1_9' title="bbox 385 2113 1982 2288">
     <span class='ocr_line' id='line_1_28' title="bbox 572 2113 1982 2170; baseline -0.003 -13"><span class='ocrx_word' id='word_1_195' title='bbox 572 2116 609 2170; x_wconf 63' lang='grc' dir='ltr'>ς.</span> <span class='ocrx_word' id='word_1_196' title='bbox 651 2130 722 2155; x_wconf 82' lang='lat'>21.</span> <span class='ocrx_word' id='word_1_197' title='bbox 809 2116 872 2158; x_wconf 87' lang='lat' dir='ltr'>Vt</span> <span class='ocrx_word' id='word_1_198' title='bbox 908 2116 1207 2170; x_wconf 81' lang='lat' dir='ltr'>explorarem,</span> <span class='ocrx_word' id='word_1_199' title='bbox 1263 2130 1342 2170; x_wconf 88' lang='lat' dir='ltr'>qua</span> <span class='ocrx_word' id='word_1_200' title='bbox 1378 2117 1542 2158; x_wconf 89' lang='lat' dir='ltr'>ratione</span> <span class='ocrx_word' id='word_1_201' title='bbox 1579 2125 1672 2157; x_wconf 85' lang='lat' dir='ltr'>tart.</span> <span class='ocrx_word' id='word_1_202' title='bbox 1709 2115 1805 2155; x_wconf 80' lang='lat' dir='ltr'>vitr.</span> <span class='ocrx_word' id='word_1_203' title='bbox 1844 2113 1982 2167; x_wconf 82' lang='lat' dir='ltr'>super-</span> 
     </span>
     <span class='ocr_line' id='line_1_29' title="bbox 385 2181 1981 2238; baseline -0.003 -17"><span class='ocrx_word' id='word_1_204' title='bbox 385 2182 588 2223; x_wconf 76' lang='lat' dir='ltr'>saturatus</span> <span class='ocrx_word' id='word_1_205' title='bbox 625 2184 677 2224; x_wconf 85' lang='lat' dir='ltr'>ad</span> <span class='ocrx_word' id='word_1_206' title='bbox 712 2182 789 2224; x_wconf 83' lang='lat' dir='ltr'>alia</span> <span class='ocrx_word' id='word_1_207' title='bbox 825 2183 934 2224; x_wconf 80' lang='lat' dir='ltr'>aceti</span> <span class='ocrx_word' id='word_1_208' title='bbox 971 2182 1064 2225; x_wconf 84' lang='lat' dir='ltr'>salia</span> <span class='ocrx_word' id='word_1_209' title='bbox 1100 2182 1139 2224; x_wconf 90' lang='lat' dir='ltr'>se</span> <span class='ocrx_word' id='word_1_210' title='bbox 1176 2181 1380 2237; x_wconf 81' lang='lat' dir='ltr'>haberet,</span> <span class='ocrx_word' id='word_1_211' title='bbox 1431 2182 1647 2238; x_wconf 83' lang='lat' dir='ltr'>sequentia</span> <span class='ocrx_word' id='word_1_212' title='bbox 1691 2181 1981 2236; x_wconf 84' lang='lat' dir='ltr'>experimenta</span> 
     </span>
     <span class='ocr_line' id='line_1_30' title="bbox 386 2245 565 2288; baseline 0 0"><span class='ocrx_word' id='word_1_213' title='bbox 386 2245 565 2288; x_wconf 81' lang='lat' dir='ltr'>institui:</span> 
     </span>
    </p>
   </div>
   <div class='ocr_carea' id='block_1_10' title="bbox 1879 2304 1983 2349">
    <p class='ocr_par' dir='ltr' id='par_1_10' title="bbox 1879 2304 1983 2349">
     <span class='ocr_line' id='line_1_31' title="bbox 1879 2304 1983 2349; baseline -0.01 0"><span class='ocrx_word' id='word_1_214' title='bbox 1879 2304 1983 2349; x_wconf 84' lang='lat' dir='ltr'>EX·</span> 
     </span>
    </p>
   </div>
  </div>
 </body>
</html>
