2080 2682
663 157 814 193 ,ει-ε
846 137 998 194 (343)
1033 146 1183 176 =z

186 254 253 310 3.)
292 252 475 310 denique
511 253 580 295 ista
614 242 872 305 methodum,
910 267 990 307 qua
1026 262 1190 295 acetum
1216 266 1271 295 ex
1305 253 1404 297 soda
1440 253 1603 298 acetosa
1637 256 1709 299 vel

381 331 490 362 terra
536 318 678 358 foliata
723 319 859 358 tartari
913 320 1138 359 adiuuante
1184 327 1337 360 tartaro
1383 321 1598 362 vitriolato
1643 321 1712 361 su-

381 385 640 440 persuturato
686 382 929 423 immediate
976 383 1046 423 sub
1093 383 1258 437 glaciali
1295 385 1432 427 forma
1467 386 1710 440 segregatur

381 447 525 501 (Exp.
562 446 682 488 Xlll.
717 446 848 488 Xv⁷11
882 456 924 487 et
957 447 1112 498 xlx).

312 575 495 618 Primam
527 576 642 628 quod
680 575 825 616 attinet
860 575 1138 627 methodum,
1176 575 1233 616 ob
1269 576 1517 630 repetendas
1553 577 1711 618 iterum

120 641 362 694 iterumque
393 641 512 694 super
548 641 782 680 carbonum
821 641 995 693 puluere
1033 641 1138 681 aceti
1175 641 1486 692 abstractiones,
1526 642 1711 683 multum

120 707 190 747 illa
231 706 399 760 quidem
439 705 644 755 temporis
686 705 860 758 requirit
896 715 937 745 et
971 705 1156 755 laboris,
1192 714 1233 745 at
1268 705 1495 746 obtentum
1534 708 1610 747 hac
1648 720 1709 748 ra-

124 771 241 811 tione
291 781 454 811 acetum
500 768 672 823 glaciale
735 779 847 810 tanta
890 770 1044 823 gaudet
1087 769 1288 810 suauitate
1332 781 1374 810 et
1418 771 1710 824 perfec'iiffima

119 836 328 889 puritate,
365 844 410 875 vt
447 834 621 875 caeteris
659 834 743 875 hoc
780 834 932 874 intuitu
968 834 1097 888 longe
1133 834 1181 873 fit
1220 834 1562 888 praeferendum.

315 962 554 1004 Secundam
594 963 709 1016 quod
747 964 898 1004 attinet
934 972 977 1003 et
1013 963 1204 1011 tertiana,-
1241 972 1418 1017 vtraque
1455 963 1585 1017 longe
1620 962 1711 1014 est,

123 1039 248 1081 quam
284 1028 445 1080 prima,
498 1027 688 1073 faciliom
741 1038 924 1067 attamen
963 1027 1121 1066 inficias
1158 1028 1218 1065 ire
1254 1040 1339 1066 non
1375 1027 1503 1078 licet,
1541 1036 1709 1066 acetum

116 1091 292 1143 glaciale
331 1092 427 1130 inde
462 1090 665 1130 resultans
700 1102 775 1142 ea,
812 1102 893 1144 qua
928 1089 1033 1130 istud
1068 1089 1221 1144 prioris
1259 1089 1482 1143 methodi,
1532 1089 1712 1132 suauita-

117 1164 160 1194 te
197 1167 285 1195 non
321 1154 520 1209 gaudere.

312 1277 513 1318 Binarum
552 1278 702 1318 harum
737 1277 1043 1319 methodorum
1073 1286 1162 1320 vtra
1199 1278 1424 1321 antecellat
1459 1279 1605 1332 alteri,
1643 1278 1709 1321 su&

117 1340 252 1396 petest
287 1351 332 1380 vt
368 1343 650 1396 dispiciamus.
734 1341 872 1382 Prima
910 1344 1081 1395 quidem
1120 1345 1286 1393 fronte,
1339 1357 1386 1384 ea
1423 1357 1502 1397 qua
1540 1355 1708 1385 acetum

118 1405 422 1446 Westeudorfii
461 1408 499 1446 in
539 1406 654 1446 vsum
690 1416 891 1457 vocatur,
930 1407 1129 1448 facillima
1166 1409 1244 1448 effe
1280 1408 1470 1459 videtur,
1525 1410 1619 1462 quia
1656 1409 1707 1450 ad

120 1482 288 1511 acetum
323 1483 377 1510 ex
422 1469 519 1510 soda
557 1470 719 1512 acetosa
764 1471 1068 1525 expellendum
1115 1472 1359 1512 immediate
1405 1473 1575 1513 vnicum
1623 1473 1710 1514 aci-

121 1534 223 1575 dum
270 1533 531 1574 vitriolicum
587 1536 825 1575 adhibetur.
926 1536 987 1576 At
1038 1537 1237 1577 omnibus
1283 1537 1417 1590 probe
1469 1537 1709 1591 perpensis,

117 1599 264 1650 tertia⁷
302 1612 405 1652 quae
442 1609 597 1639 tartaro
634 1600 848 1639 vitriolato
885 1599 1188 1653 superlaturato
1224 1602 1370 1652 vtitur‚
1414 1602 1598 1654 palmam
1634 1601 1709 1642 fibi

116 1663 208 1705 iure
251 1664 474 1704 vendicare
509 1664 704 1715 videtur,
739 1663 868 1718 idque
905 1664 962 1705 ob
999 1664 1221 1719 sequentes
1260 1665 1470 1706 rationes:

187 1787 250 1841 1.)
302 1788 349 1829 In
387 1787 492 1829 aceti
528 1787 884 1829 Westendorfiani
927 1791 1247 1844 praeparatione
1290 1791 1461 1843 iustam,
1515 1803 1620 1844 quae
1657 1789 1710 1830 ad

313 1852 543 1906 plenariam
580 1852 686 1892 aceti
722 1865 744 1892 e
782 1853 878 1894 ioda
923 1855 1086 1895 acetosa
1130 1855 1422 1909 expulfionem
1468 1854 1709 1908 requirere·

312 1925 405 1966 tur,
441 1916 547 1956 acidi
586 1916 785 1956 vitriolici
816 1918 1093 1970 quantitatem
1123 1920 1277 1959 addere
1307 1933 1391 1959 non
1420 1918 1544 1964 licet3
1584 1918 1706 1970 quia,

315 1980 544 2031 quantitate
591 1979 618 2018 fi
669 1992 894 2033 peccetur,
949 1983 1054 2023 aceti
1099 1983 1273 2023 alcohol
1319 1984 1444 2024 acido
1490 1982 1709 2023 viti-iolico

311 2042 631 2098 sulphureoque
675 2045 908 2086 admodum
943 2048 1249 2101 inquinaretur.

408 2167 450 2209 Si
497 2178 642 2210 contra
689 2171 897 2212 mediante
941 2180 1095 2213 tartaro
1140 2171 1361 2212 vitriolato
1408 2171 1711 2226 supersaturato

315 2232 546 2288 expellitur
589 2235 697 2275 aceti
740 2236 932 2285 acidu1n3
986 2237 1143 2291 absque
1190 2237 1277 2278 vlro
1324 2250 1460 2278 noxae
1514 2239 1711 2292 periculo

1602 2312 1714 2344 tanta
