2080 2682
898 170 1051 194 Ξ
1084 151 1242 209 (274)
1276 168 1428 182 ·······

353 271 510 328 filma,
544 268 800 325 vesicularis,
836 278 880 310 et
916 285 1024 323 quae
1058 271 1228 314 laminis
1265 269 1498 313 maioribus
1536 265 1719 322 constat,
1757 259 1890 324 ⁴quam
1924 268 1968 311 in

366 338 463 395 ipfis
499 337 564 380 his
607 334 774 391 paginis
817 337 1012 392 exposui.

561 464 696 509 Strata
725 464 984 508 diuersarum
1016 465 1359 518 substantiarum,
1396 477 1501 520 quae
1538 464 1830 518 integumenta
1853 474 1973 504 com-

366 531 513 574 munia
549 531 795 584 efficerent,
833 543 1017 587 quatuor
1053 533 1094 573 in
1131 530 1404 586 praecedenti
1441 530 1492 571 de
1530 530 1612 573 tela
1649 527 1851 570 cellulosa
1892 527 1975 570 dis·

367 598 595 640 sertatione
641 607 860 640 numerata
906 598 999 639 suut
1043 607 1210 652 praeter
1252 596 1564 651 epidermidem
1611 605 1653 635 et
1690 592 1973 647 cellulosam‚

368 676 476 719 quae
514 662 729 705 musculos
768 664 903 719 tegit:
959 664 1067 704 cutis
1104 662 1189 717 ipsa
1232 661 1463 712 nimirum,
1516 659 1735 701 substantia
1781 659 1974 701 subcuta-

366 742 471 781 nea,
507 730 635 783 adeps
674 742 816 770 merus
853 738 896 770 et
932 729 1072 770 tunica
1109 728 1280 782 adiposa
1314 727 1378 778 a).
1448 725 1567 766 Haec
1604 725 1813 779 posterior
1848 737 1970 779 ergo,

367 806 495 849 quam
534 794 575 834 in
615 794 901 836 dissertatione
954 794 1236 848 praecedente
1281 805 1367 833 non
1414 790 1506 833 satis
1554 790 1769 844 explicui,
1821 789 1848 830 fi
1895 789 1975 830 mi·

366 858 594 913 croscopio
631 858 930 913 perlustratur,
982 857 1029 912 b)
1081 860 1195 913 larga
1241 857 1402 899 constat
1445 855 1672 907 cellulosa,
1723 855 1808 895 fiue
1846 852 1978 908 gluti·

365 926 466 965 noia
510 923 731 965 substantia
767 924 844 977 c),
901 937 1029 979 quam
1066 923 1138 964 vix
1175 923 1304 965 vllam
1350 923 1392 963 in
1430 935 1552 962 mero
1588 922 1712 975 adipe
1749 920 1978 972 inuenias‚

366 989 439 1030 nifi
487 988 737 1042 pelliculas,
792 988 949 1043 quibus
993 988 1200 1030 vesiculae
1246 988 1461 1040 constant,
1514 985 1620 1041 ipsas
1663 995 1814 1040 putes,
1869 996 1976 1039 quae

366 1054 476 1095 adeo
521 1053 629 1093 arc'ie
676 1054 935 1106 compressae
981 1066 1056 1106 per
1101 1063 1241 1093 totum
1286 1054 1421 1105 adipis
1459 1052 1627 1092 stratum
1670 1050 1877 1101 existunt,
1931 1057 1979 1088 vt

367 1116 537 1159 nullum
583 1117 852 1158 interstitium
887 1117 996 1156 inter
1032 1129 1100 1156 eas
1147 1115 1342 1169 distingui
1381 1116 1515 1167 poffit.
1603 1114 1790 1154 &ria-im
1829 1121 1979 1154 contra

363 1182 500 1234 adipis
542 1180 752 1221 vesiculae
787 1181 842 1232 d)
885 1194 962 1233 per
999 1179 1244 1220 cellulosam
1283 1180 1450 1219 tunicae
1488 1177 1684 1231 adiposae
1722 1176 1965 1217 distributae

366 1247 489 1297 sunt,
540 1255 586 1284 vt
620 1244 736 1297 larga
775 1243 868 1284 satis
905 1243 1120 1284 interstitia
1157 1243 1265 1282 inter
1303 1244 1454 1282 trafius
1492 1243 1626 1293 adipis
1672 1242 1943 1281 inueniuntur
1968 1270 1983 1287 .,

370 1323 476 1365 quae
514 1311 623 1350 clara
661 1308 982 1362 maximamque
1012 1317 1184 1362 ‘partem
1229 1319 1332 1360 pura
1369 1305 1570 1346 celluloi'a
1608 1304 1821 1351 constant3
1878 1316 1979 1344 cum

367 1376 520 1417 tractus
560 1374 620 1414 illi
660 1373 793 1428 adipis
832 1382 982 1415 contra
1017 1371 1210 1413 veficulis
1247 1371 1520 1422 immediate,
1575 1382 1661 1410 non
1700 1368 1864 1422 glebis,
1907 1378 1979 1410 aut

364 1439 645 1482 veficularum
693 1439 948 1493 aggeribus,
997 1437 1118 1480 velut
1169 1449 1312 1478 merus
1358 1439 1515 1490 adeps,
1567 1433 1828 1488 compositae
1882 1432 1976 1476 fint-

367 1504 592 1548 Glutinosa
648 1503 867 1545 substantia
914 1504 1109 1544 eiusdem
1158 1501 1245 1543 fere
1299 1502 1458 1542 indolis
1503 1499 1583 1551 est,
1638 1498 1758 1540 cuius
1801 1512 1849 1540 ea
1894 1498 1977 1554 est,

368 1583 476 1624 quae
515 1568 730 1610 musculos
768 1581 1008 1624 eorumque
1045 1568 1171 1609 fibras
1209 1567 1447 1617 conncaestit,
1503 1577 1629 1619 quam
1666 1564 1709 1604 in
1747 1563 1976 1618 superiori-

367 1634 446 1675 bus
483 1634 694 1687 descripfi.
783 1633 907 1675 Clara
955 1633 1114 1673 scilicet
1156 1631 1368 1686 pellucida
1406 1639 1448 1671 et
1483 1629 1718 1670 semifluida
1756 1628 1975 1671 substantia

366 1698 447 1750 est,
485 1710 591 1750 quae
627 1698 669 1738 in
706 1697 777 1738 fila
813 1699 853 1751 e)
891 1697 1014 1738 facile
1051 1696 1224 1738 extendi
1263 1697 1397 1749 possit.
1485 1693 1617 1736 Sedes
1655 1704 1795 1735 tamen
1833 1694 1974 1736 variae

368 1764 521 1804 dantur
555 1762 598 1802 in
637 1762 777 1804 tunica
814 1762 1012 1817 adiposa,
1069 1774 1091 1803 a
1126 1760 1324 1802 tractibus
1362 1758 1495 1813 adipis
1543 1759 1700 1813 pariter
1735 1768 1778 1800 et
1813 1772 1833 1801 a
1870 1772 1975 1814 pura

368 1827 573 1870 cellulosa
608 1827 813 1870 diuersae.
894 1826 945 1869 In
979 1827 1029 1868 iis
1066 1825 1228 1868 scilicet
1262 1825 1431 1881 globuli
1468 1823 1635 1880 disperfi
1661 1822 1716 1879 f)
1769 1833 1976 1880 apparent

1874 1887 1977 1931 soli-

367 1977 1974 2001 ..-.--—-—-—-———————-——————-·

412 2048 451 2094 a)
479 2047 565 2083 Tab.
594 2049 645 2082 cit.
674 2046 731 2094 fig.
756 2057 781 2082 1.
810 2058 841 2083 e.

412 2106 450 2152 h)
479 2107 562 2142 Tab.
592 2108 642 2141 cit.
668 2106 726 2154 fig.
753 2117 783 2141 2.

412 2169 455 2213 e)
482 2166 568 2203 Tab.
598 2168 651 2202 cit.
677 2165 736 2214 fig.
762 2178 792 2202 2.
821 2165 854 2203 b.
881 2166 908 2201 b.
938 2167 972 2205 b.

414 2226 451 2270 d)
479 2227 566 2262 Tab.
594 2230 648 2266 cit,
675 2226 733 2275 fig.
762 2239 790 2264 2.
818 2239 845 2262 a.
872 2241 903 2263 a.

407 2288 456 2333 e)
484 2288 566 2323 Tab.
594 2290 645 2323 cit.
674 2288 731 2335 fig.
758 2300 787 2324 2.
815 2301 843 2322 c.
869 2301 900 2323 c.

407 2347 450 2397 s)
479 2347 565 2382 Tab.
593 2351 645 2385 cit.
672 2348 727 2396 fig.
755 2360 784 2389 2,
811 2345 844 2384 d.
870 2347 904 2385 d.
