2080 2682
679 139 826 156 --
860 119 1014 177 (283)
1047 136 1198 162 2

139 238 184 281 in
222 239 492 296 consped’mm
527 239 636 282 inter
669 250 737 280 eas
773 238 915 291 venit,
969 251 1049 293 qua
1086 239 1306 293 portiones
1344 240 1629 282 cohaerebant
1663 242 1724 294 a).

140 303 230 347 Vbi
276 309 407 360 magis
451 319 517 347 eas
553 320 574 346 a
617 305 657 344 se
703 314 854 345 mutuo
906 304 1100 357 remoui,
1149 305 1191 345 in
1237 306 1306 347 fila
1349 308 1454 346 mire
1500 307 1640 348 tenuia
1683 316 1727 348 et

138 370 280 424 paffim
331 371 564 413 retiformia
616 368 836 410 substantia
880 370 1061 411 exn-adia
1106 369 1160 410 est
1204 368 1264 423 h).
1349 371 1534 412 Videtur
1585 385 1724 427 ergo,

137 445 342 489 quantum
380 435 551 488 quidem
587 433 770 486 experiri
806 434 931 484 licet,
963 433 1178 486 quaelibet
1212 435 1366 477 fibrina
1402 449 1485 476 non
1523 435 1617 477 laxa
1653 450 1724 483 va-

135 499 234 552 gina
270 500 473 551 obducta,
510 499 577 539 sed
616 499 720 538 illita
757 499 898 551 potius
934 499 1013 538 effe
1050 498 1226 553 simplici
1263 500 1479 541 substantia
1517 501 1594 541 hac
1631 502 1725 554 glu-

136 562 295 616 tinosa,
330 564 555 604 tenerrima
591 572 633 603 et
670 563 756 602 fere
793 563 947 613 fluida,
983 575 1116 615 eaque
1156 577 1253 604 cum
1289 563 1357 605 sua
1397 565 1530 606 vicina
1567 566 1724 606 cohae-

133 639 241 668 rere.
311 627 528 682 Quicquid
567 636 705 668 tamen
743 627 812 677 sit,
851 626 935 666 hoc
973 636 1136 666 certum
1173 628 1252 678 est,
1291 628 1536 670 cellulol'am
1572 642 1625 671 eo
1656 643 1723 671 vs-

134 704 216 745 que
260 691 370 732 inter
413 705 562 732 omnes
619 692 811 745 corporis
867 700 1006 743 partes
1062 691 1364 744 intercedere,
1417 706 1571 747 easque
1616 708 1638 735 a
1682 694 1722 735 se

127 765 280 796 mutuo
318 756 567 809 distinguere
603 755 973 809 etkconglutinare
1010 755 1188 808 pariter,
1243 767 1313 797 aut
1349 760 1626 808 conneftere.,
1674 767 1721 799 vt

127 817 237 859 inter
272 819 584 873 fimpliciffimas
631 811 955 872 m'icroscopicas
999 819 1171 861 fibrillas
1211 820 1499 862 musculorum
1544 835 1718 877 quoque

130 885 358 924 tenerrima
402 885 504 925 haec
541 895 584 926 et
619 886 705 925 fere
752 884 878 925 fluida
923 882 1141 926 substantia
1182 885 1392 940 glutinosa
1426 890 1465 928 se
1501 887 1717 942 insinuet,

128 944 414 1004 fibrillamque
450 964 472 992 a
506 949 659 992 fibrilla
695 949 929 1003 distinguat·

630 1070 900 1135 Explicatio
935 1070 1203 1134 figurarum

701 1171 814 1213 Tab.
855 1171 931 1213 VI.
969 1172 1041 1225 fig.
1084 1186 1122 1212 1.

312 1293 540 1334 Portiones
586 1294 899 1348 musculorum,
951 1308 1004 1335 ex
1040 1294 1216 1337 brachio
1253 1293 1474 1348 exscissae,
1509 1307 1607 1336 cum
1643 1304 1709 1338 tu-

120 1356 240 1409 nica,
284 1370 363 1410 qua
399 1368 623 1412 teguntur,
675 1360 870 1412 adiposa‚
922 1360 1042 1413 adipe
1079 1374 1186 1413 puro
1224 1370 1265 1401 et
1301 1371 1422 1413 cute,
1475 1360 1707 1404 inermibus

118 1422 255 1462 oculis
292 1423 415 1463 visae.
501 1422 621 1464 Cutis
660 1437 755 1463 cum
801 1424 922 1476 adipe
959 1434 1001 1463 et
1046 1426 1184 1466 tunica
1230 1426 1398 1479 adiposa
1442 1437 1463 1465 a
1507 1426 1707 1467 musculis

118 1486 326 1528 abstracta.
397 1486 516 1540 Quae
554 1487 764 1527 musculos
793 1498 835 1527 et
871 1489 1055 1529 tunicam
1093 1490 1207 1530 illam
1243 1490 1470 1531 intercedit
1506 1491 1706 1532 cellulosa

116 1548 158 1588 in
196 1549 322 1592 latam
359 1551 556 1591 laminam
594 1561 764 1591 tenuem
802 1553 995 1603 extensa,
1031 1554 1070 1592 in
1110 1567 1189 1606 qua
1227 1568 1364 1609 neque
1395 1553 1526 1595 cellae
1564 1568 1704 1610 neque

112 1614 234 1667 pori,
271 1628 347 1655 nec
383 1614 668 1668 microscopio
704 1616 921 1667 adhibito,
965 1629 1261 1670 apparuerunt.

114 1720 153 1748 α.
188 1708 225 1750 b.
262 1724 295 1752 c.
357 1710 477 1752 Cutis
513 1713 682 1766 portio,
717 1712 922 1767 pollicem
959 1714 1127 1755 circiter
1162 1714 1267 1769 lata,
1303 1714 1564 1770 aliquantum
1601 1725 1703 1756 con-

305 1778 445 1817 trac‘ia.

111 1860 150 1888 a.
218 1849 322 1891 Eius
360 1851 598 1906 superficies
637 1861 823 1895 externa.

108 1922 148 1964 b.
213 1926 430 1980 Margines
467 1928 534 1969 seu
572 1929 773 1971 sediiones
811 1933 1059 1974 contrastae.

108 1998 148 2040 d.
184 2000 224 2041 cl.
293 2001 440 2057 Adeps
476 2016 632 2058 purus,
668 2005 802 2058 glebis
838 2009 1027 2049 constans
1072 2006 1331 2062 compreffis.

890 2094 1041 2137 Nn2
1660 2105 1693 2134 e.

158 2234 195 2277 a)
223 2231 298 2280 Fig.
326 2244 348 2275 4
386 2232 418 2269 d.

157 2296 189 2341 b)
219 2297 284 2345 fig,
309 2308 345 2342 4.
372 2310 402 2332 e·
426 2296 449 2334 f.
474 2310 508 2345 g.
