2080 2682
879 133 1032 160 —·-······——
1066 114 1222 172 (352)
1257 130 1409 146 ·········

343 249 420 279 eos
466 236 700 287 accedunt,
745 232 800 287 a)
854 233 908 275 ita
953 233 1038 275 iarn
1082 244 1340 285 curuantur,
1394 239 1440 273 vt
1482 230 1671 273 eundem
1717 229 1804 272 fere
1850 243 1949 273 cum

340 301 694 359 procurrentibus
734 299 906 341 ductum
943 299 1017 341 sub
1054 300 1102 341 iis
1136 299 1407 343 continuent.
1472 296 1615 338 Aliter
1650 296 1692 337 in
1730 295 1853 338 strato
1889 296 1951 338 se-

344 366 516 418 cundo,
569 365 781 420 imprimis
821 365 870 405 ad
907 376 1236 420 procurrentem
1281 364 1457 404 breuem
1495 361 1533 403 se
1570 375 1636 403 res
1674 361 1827 413 habet,
1879 361 1952 402 vbi

342 444 401 472 ex
438 430 670 472 directione
706 430 934 482 fibrarum,
973 430 1075 470 dum
1112 429 1151 470 se
1188 428 1261 469 sub
1298 427 1397 468 illos
1421 428 1656 481 recipiunt,
1691 424 1737 480 h)
1764 438 1955 480 cognos-

342 509 440 548 caS,
480 509 567 551 quo
605 497 737 549 magis
776 495 850 537 sub
886 495 937 534 iis
975 494 1253 545 continuent,
1289 505 1342 533 eo
1381 492 1513 545 magis
1545 492 1758 533 discedere
1797 492 1847 532 ab
1883 490 1958 531 iis-

343 562 457 603 dem.
530 559 761 604 Caeterum
797 559 881 600 fiue
918 560 969 600 ad
1004 560 1307 615 praecedentes
1336 556 1509 598 ordines
1546 566 1849 613 procurrentes
1886 568 1956 597 re-

347 626 457 668 feras
496 626 740 678 funiculos,
797 637 982 680 quorum
1029 625 1109 666 fint
1145 623 1274 666 fibrae
1313 621 1514 674 vitimae,
1567 622 1649 663 siue
1687 623 1736 663 ad
1775 622 1957 675 sequen-

338 701 402 733 tes
425 721 437 744 ,
476 705 664 747 quorum
701 692 859 747 primas
896 689 1119 732 efficerent
1153 689 1304 737 fibras;
1343 687 1555 729 notabiles
1593 695 1732 728 tamen
1772 685 1952 728 funiculi

339 766 490 810 erunt,
530 758 684 813 quibus
715 757 889 798 ordines
919 756 1072 797 diuerfi
1105 753 1326 797 manifesto
1362 767 1384 794 a
1423 756 1463 793 se
1502 761 1654 794 mutuo
1692 752 1953 806 distinguun-

340 832 437 874 tur,
491 833 536 864 et
582 823 653 877 qui
699 831 1001 879 procurrentes
1046 821 1325 882 {sequentium
1379 817 1582 860 fibrarum
1634 816 1824 874 respec‘tu
1874 828 1954 858 vo-

343 900 427 929 cari
465 898 697 930 merentur.

513 1016 680 1071 striae,
712 1016 825 1073 sedis
859 1017 1108 1073 insertionis,
1144 1018 1313 1060 conditio
1348 1018 1388 1059 in
1412 1015 1542 1072 strato
1567 1013 1755 1070 secundo,

544 1125 681 1178 Stria,
736 1126 854 1168 sedes
901 1126 1166 1177 insertionis,
1218 1127 1260 1166 in
1304 1135 1387 1167 tres
1433 1133 1574 1178 partes
1623 1125 1833 1175 diuersas,
1886 1135 1953 1163 re-

335 1197 466 1232 moto
503 1199 686 1230 externo
723 1190 875 1240 strato,
911 1191 954 1229 in
991 1191 1077 1229 hoc
1117 1191 1291 1242 quidem
1330 1190 1487 1238 corde,
1522 1189 1565 1227 in
1602 1187 1721 1239 aliis⁷
1758 1187 1829 1227 vbi
1867 1186 1955 1240 api-

338 1268 409 1297 ces
435 1254 779 1296 ventriculorum
819 1254 959 1295 minus
995 1251 1171 1307 separati
1208 1261 1352 1304 erant,
1390 1252 1431 1291 in
1469 1261 1655 1304 quatuor
1691 1250 1822 1291 diuisa
1860 1251 1954 1289 fuit.

341 1320 508 1362 Earum
552 1321 690 1375 prima
726 1320 766 1372 c)
820 1320 871 1361 ad
917 1318 1027 1360 bafin
1073 1317 1144 1358 fita
1187 1317 1256 1358 est.
1345 1316 1393 1357 In
1439 1315 1517 1356 hac
1560 1314 1690 1367 fibrae
1727 1313 1956 1355 ventriculi

341 1385 488 1426 finistri
526 1399 624 1427 cum
672 1384 788 1426 fibris
836 1385 975 1426 dextri
1012 1383 1239 1426 ventriculi
1285 1382 1372 1423 fere
1410 1389 1689 1422 concurrunt.
1776 1379 1823 1420 In
1861 1378 1954 1421 aliis

346 1450 552 1493 cordibus
596 1450 693 1492 illae
738 1451 780 1491 in
828 1450 900 1492 has
946 1449 1072 1504 plane
1117 1447 1438 1489 continuabant.
1523 1446 1623 1487 Alia
1675 1458 1770 1499 pars
1817 1444 1958 1485 media

347 1516 418 1558 est.
472 1516 528 1571 d)
614 1516 662 1557 In
699 1529 747 1557 ea
784 1515 915 1557 fibrae
959 1514 1189 1556 ventriculi
1234 1513 1376 1554 finisti-i
1421 1511 1594 1565 longius
1632 1523 1653 1551 a
1692 1511 1853 1551 dextris
1890 1521 1959 1550 re-

347 1592 517 1636 motae,
573 1582 831 1635 demergunt
875 1581 914 1621 se
961 1580 1084 1621 citius
1132 1579 1173 1618 in
1212 1578 1347 1620 striam
1385 1586 1428 1617 et
1463 1576 1715 1617 continuant
1750 1576 1792 1616 in
1831 1575 1956 1616 fibras

344 1646 477 1701 septi,
528 1656 574 1687 vt
617 1646 885 1686 interstitium
931 1645 1023 1686 satis
1071 1644 1235 1698 largum
1281 1646 1322 1684 in
1369 1642 1448 1684 hac
1493 1641 1632 1682 media
1678 1650 1795 1695 parte
1840 1640 1959 1681 striae

346 1712 459 1753 inter
496 1711 647 1753 ambos
684 1710 954 1751 ventriculos
991 1711 1034 1750 in
1071 1709 1259 1749 secundo
1298 1708 1381 1749 hoc
1419 1707 1544 1747 strato
1581 1715 1794 1760 appareat.
1841 1704 1957 1745 Ter-

349 1777 406 1817 tia
442 1777 558 1818 striae
595 1789 688 1830 pars
726 1779 766 1828 e)
803 1777 955 1817 eadem
992 1774 1073 1827 est,
1125 1773 1249 1827 super
1287 1785 1410 1828 quam
1448 1772 1490 1811 in
1530 1771 1653 1812 strato
1690 1780 1872 1812 externo
1908 1768 1959 1809 fi-

345 1841 477 1884 fibrae
529 1840 758 1883 ventriculi
808 1840 952 1882 finistri
1002 1841 1046 1881 in
1101 1839 1302 1880 dextrum
1353 1835 1645 1880 ventriculum
1708 1836 1957 1888 transeunt,

1904 1900 1960 1955 a>

400 2071 437 2116 a)
465 2071 552 2106 Tab.
581 2070 643 2107 IV.
672 2083 723 2115 77.
752 2078 806 2114 78.
834 2078 883 2111 82.
913 2084 961 2117 91-
988 2083 1039 2117 93.
1068 2082 1124 2116 94.

399 2139 438 2181 b)
471 2136 563 2171 Tab.
593 2137 666 2172 Vll.
693 2147 746 2179 42.
776 2146 829 2177 43.
881 2135 973 2177 Tab,
999 2135 1059 2172 ΙΧ-
1087 2135 1137 2171 16-
1164 2141 1212 2183 17.
1240 2145 1275 2179 x,
1302 2144 1331 2175 4.

399 2204 442 2244 c)
470 2201 560 2236 Tab.
588 2201 642 2236 IX.
671 2213 698 2236 a.
726 2213 744 2235 c
781 2199 813 2236 d.

396 2263 439 2307 d)
473 2265 558 2299 Τὼ.
588 2265 644 2299 1x.
673 2263 704 2300 d.
733 2277 760 2302 e.

396 2325 428 2372 c)
459 2323 551 2360 Tab.
577 2326 632 2361 lx.
660 2337 687 2360 e.
715 2321 740 2361 s.
