2080 2682
841 113 1198 170 ιιι-(326)

502 230 538 281 ᾗ.
579 241 649 268 10.
721 227 785 269 Vt
820 229 1038 282 viderem,
1075 231 1253 285 poffitne
1288 239 1457 275 acetum
1494 227 1671 283 glaciale
1708 228 1918 285 obtineri,

313 296 442 339 etiam
487 294 514 334 fi
559 307 645 333 non
691 292 764 332 nisi
811 294 952 335 debile
989 305 1156 337 acetum
1206 296 1459 338 destillatum
1506 294 1770 335 ordinarium
1814 295 1915 338 loco

316 362 425 405 aceti
469 358 736 400 concentrati
772 358 1051 414 adhibeatur,
1089 361 1268 415 sequens
1305 371 1521 402 tentamen
1557 359 1729 400 institui.

962 473 1178 516 EXPER.
1214 474 1271 515 II.

506 552 656 595 Libras
695 565 753 602 30
775 553 883 596 aceti
920 554 1123 596 ordinarii
1161 552 1355 595 destillati
1392 552 1627 596 admodum
1664 552 1818 596 debilis
1856 553 1925 596 su-

312 631 392 672 per
436 618 537 660 duas
588 618 822 660 carbonum
869 620 1061 674 pulueris
1112 620 1240 663 libras
1277 633 1300 660 e
1338 620 1493 660 mariae
1531 619 1683 661 balneo
1729 619 1923 662 abstraxi.

313 682 615 724 Destillatione
653 686 730 724 hac
770 685 1022 726 difficillima
1060 685 1266 741 aquosum
1303 685 1471 739 prorsus
1511 685 1689 726 fluidum
1725 685 1922 735 obtinui,

313 748 430 789 nulla
475 749 563 789 fere
610 749 806 790 aciditate
851 752 1057 804 gaudens.
1143 750 1360 804 Superstes
1398 763 1502 791 vero
1549 751 1590 790 in
1636 759 1795 791 retorta
1832 763 1925 790 car-

317 811 482 853 bonum
519 813 662 867 puluis
702 828 724 854 e
762 815 917 855 balneo
963 828 1113 856 arenae
1161 816 1384 856 drachmas
1428 827 1483 853 12
1521 815 1780 869 largiebatur
1816 813 1925 856 aceti

314 878 639 929 crystallifiibilis
678 880 880 933 puriffimi
918 894 977 931 40
1016 881 1252 935 graduum,
1291 880 1408 935 quod
1445 881 1486 920 in
1526 881 1685 933 frigore
1723 878 1926 933 crystalli·

310 943 446 984 satum
482 944 590 985 aceti
626 943 814 997 glacialis
851 946 1007 1000 optimi
1044 961 1074 997 4
1110 946 1332 988 drachmas
1379 945 1686 1001 suppeditabat.

509 1071 625 1112 Hinc
662 1072 879 1126 sequitur,
934 1082 1104 1114 acetum
1150 1074 1330 1127 glaciale
1377 1075 1503 1114 etiam
1550 1074 1634 1114 fine
1677 1071 1848 1125 praeuia
1885 1083 1929 1113 a-

316 1135 396 1176 ceti
436 1137 738 1187 congelatione
776 1138 911 1189 parari
956 1139 1087 1190 poffe.
1179 1137 1451 1178 Monendum
1490 1146 1658 1189 tamen,
1711 1137 1927 1190 praeviam

315 1201 421 1240 aceti
472 1200 820 1252 congelationem
868 1213 995 1252 quam
1040 1201 1253 1241 maximae
1297 1203 1376 1241 effe
1416 1202 1641 1251 Vtilitatis¹>
1699 1201 1795 1253 quia
1840 1201 1927 1240 hoc

313 1265 450 1305 modo
490 1266 673 1305 maxima
719 1276 852 1317 aquae
897 1264 1022 1318 copia
1067 1274 1189 1306 antea
1226 1264 1465 1318 separatur,
1521 1264 1676 1304 deinde
1717 1276 1927 1317 quoque,

316 1330 412 1381 quia
457 1342 533 1380 per
578 1330 784 1370 maiorem
833 1330 1231 1371 conccntrationem
1279 1338 1322 1369 et
1366 1329 1474 1371 aceti
1519 1328 1750 1369 volatilitas
1798 1341 1929 1381 auge-

314 1403 404 1440 tur3
448 1407 534 1447 quo
571 1395 661 1449 ipso
693 1394 919 1436 destillatio
955 1395 1080 1451 super
1115 1394 1351 1437 carbonum
1388 1395 1568 1449 puluere
1605 1393 1821 1448 infigniter
1859 1405 1931 1434 ac·

318 1461 540 1500 celeratur.

513 1575 549 1629 ᾗ.
592 1589 662 1616 11.
710 1576 844 1631 Supra
881 1576 962 1617 iam
1003 1576 1119 1629 dixi,
1155 1585 1323 1618 acetum
1362 1575 1676 1628 crystallisabile
1714 1575 1766 1617 ad
1804 1574 1931 1629 spon·

318 1649 484 1682 taneam
541 1642 932 1692 crystallisafionem
987 1643 1120 1695 frigus
1177 1642 1230 1682 ad
1290 1643 1515 1683 minimum
1576 1655 1660 1694 173
1717 1640 1943 1695 graduum¹

317 1705 527 1759 postulare
566 1705 630 1757 (ξ.
673 1715 711 1749 8.
750 1707 809 1758 c.)
898 1704 1096 1759 Contigit
1132 1716 1274 1747 tamen
1312 1707 1419 1747 mihi
1456 1706 1719 1748 encheiresm
1762 1704 1930 1746 inueni-

319 1783 390 1820 re,
431 1783 511 1823 qua
548 1780 713 1810 acetum
752 1771 1064 1822 crystallisabile
1104 1771 1264 1823 frigore
1300 1771 1433 1825 longe
1470 1774 1646 1825 minori,
1681 1781 1767 1820 158
1807 1783 1931 1810 nem-

323 1848 375 1888 pe
415 1835 649 1892 eradtmm,
697 1836 747 1876 ad
787 1836 1176 1884 crystallifiitioncm
1213 1837 1487 1890 perducitur;
1541 1851 1622 1891 pro
1662 1850 1749 1891 quo
1786 1844 1928 1876 tamen

323 1901 502 1954 negotio
539 1910 707 1941 acetum
744 1901 922 1955 glaciale
959 1901 1041 1942 iam
1080 1902 1326 1943 consec'tum
1362 1902 1414 1944 ad
1450 1915 1599 1944 manus
1636 1902 1684 1944 sit
1719 1909 1909 1958 oportet.

956 2030 1169 2073 EXPER.
1214 2031 1294 2073 ΙΙΙ.

517 2113 784 2167 Elychnium
823 2125 949 2157 tenue
988 2120 1258 2174 gossypinum
1297 2119 1425 2172 (cui,
1464 2119 1489 2159 fi
1529 2119 1693 2174 placet,
1730 2131 1773 2159 ct
1808 2118 1925 2159 filum

330 2179 546 2230 quoddam
585 2182 769 2222 substitui
810 2182 976 2236 potest)
1014 2196 1135 2224 aceto
1172 2185 1337 2240 glaciali
1377 2186 1546 2226 fortiori
1585 2185 1814 2239 liquefacto
1850 2183 1928 2221 im-

327 2244 476 2296 merss,
522 2255 564 2285 et
601 2247 685 2288 hoc
725 2248 773 2290 ad
812 2247 1169 2300 crystallisamnim
1207 2251 1419 2307 disposui,
1470 2251 1601 2305 idque
1639 2262 1691 2290 co
1729 2248 1833 2297 fine,
1885 2252 1925 2282 vt

1760 2308 1923 2350 crvstal-
