<?xml version="1.0" encoding="UTF-8"?>
<!DOCTYPE html PUBLIC "-//W3C//DTD XHTML 1.0 Transitional//EN"
    "http://www.w3.org/TR/xhtml1/DTD/xhtml1-transitional.dtd">
<html xmlns="http://www.w3.org/1999/xhtml" xml:lang="en" lang="en">
 <head>
  <title>
</title>
<meta http-equiv="Content-Type" content="text/html;charset=utf-8" />
  <meta name='ocr-system' content='tesseract 3.04.00' />
  <meta name='ocr-capabilities' content='ocr_page ocr_carea ocr_par ocr_line ocrx_word'/>
</head>
<body>
  <div class='ocr_page' id='page_1' title='image "./novaactaacademia08impe_0225.png"; bbox 0 0 2080 2682; ppageno 0'>
   <div class='ocr_carea' id='block_1_1' title="bbox 642 145 1166 204">
    <p class='ocr_par' dir='ltr' id='par_1_1' title="bbox 642 145 1166 204">
     <span class='ocr_line' id='line_1_1' title="bbox 642 145 1166 204; baseline 0.002 -3"><span class='ocrx_word' id='word_1_1' title='bbox 642 163 792 178; x_wconf 92' lang='grc'><strong>--</strong></span> <span class='ocrx_word' id='word_1_2' title='bbox 826 145 1166 204; x_wconf 72' lang='lat'>&lt;1³1&gt;=</span> 
     </span>
    </p>
   </div>
   <div class='ocr_carea' id='block_1_2' title="bbox 642 180 792 188">
    <p class='ocr_par' dir='ltr' id='par_1_2' title="bbox 642 180 792 188">
     <span class='ocr_line' id='line_1_2' title="bbox 642 180 792 188; baseline 0 2494"><span class='ocrx_word' id='word_1_3' title='bbox 642 180 792 188; x_wconf 95' lang='lat' dir='ltr'><strong> </strong></span> 
     </span>
    </p>
   </div>
   <div class='ocr_carea' id='block_1_3' title="bbox 104 259 1696 517">
    <p class='ocr_par' dir='ltr' id='par_1_3' title="bbox 104 259 1696 517">
     <span class='ocr_line' id='line_1_3' title="bbox 106 259 1694 319; baseline -0.003 -11"><span class='ocrx_word' id='word_1_4' title='bbox 106 265 190 309; x_wconf 86' lang='lat' dir='ltr'><strong>siue</strong></span> <span class='ocrx_word' id='word_1_5' title='bbox 227 266 430 319; x_wconf 75' lang='grc' dir='ltr'>εμ&gt;ο,</span> <span class='ocrx_word' id='word_1_6' title='bbox 483 264 597 319; x_wconf 92' lang='lat' dir='ltr'><strong>quod</strong></span> <span class='ocrx_word' id='word_1_7' title='bbox 639 263 787 318; x_wconf 86' lang='lat' dir='ltr'><strong>vtique</strong></span> <span class='ocrx_word' id='word_1_8' title='bbox 831 263 1003 315; x_wconf 89' lang='lat' dir='ltr'><strong>euenit,</strong></span> <span class='ocrx_word' id='word_1_9' title='bbox 1057 261 1152 317; x_wconf 83' lang='lat' dir='ltr'><strong>quia</strong></span> <span class='ocrx_word' id='word_1_10' title='bbox 1186 275 1220 317; x_wconf 83' lang='grc' dir='ltr'>μ</span> <span class='ocrx_word' id='word_1_11' title='bbox 1254 259 1505 316; x_wconf 84' lang='lat' dir='ltr'>supponitur</span> <span class='ocrx_word' id='word_1_12' title='bbox 1551 261 1694 318; x_wconf 85' lang='lat' dir='ltr'><strong>pofiti·</strong></span> 
     </span>
     <span class='ocr_line' id='line_1_4' title="bbox 108 319 1696 383; baseline -0.004 -9"><span class='ocrx_word' id='word_1_13' title='bbox 108 346 224 375; x_wconf 82' lang='lat' dir='ltr'><strong>vum.</strong></span> <span class='ocrx_word' id='word_1_14' title='bbox 261 319 424 375; x_wconf 41' lang='lat' dir='ltr'><strong>&#39;Simul</strong></span> <span class='ocrx_word' id='word_1_15' title='bbox 456 343 558 372; x_wconf 84' lang='lat' dir='ltr'><strong>vero</strong></span> <span class='ocrx_word' id='word_1_16' title='bbox 594 329 694 370; x_wconf 85' lang='lat' dir='ltr'><strong>hinc</strong></span> <span class='ocrx_word' id='word_1_17' title='bbox 727 338 869 383; x_wconf 72' lang='lat' dir='ltr'><strong>patet,</strong></span> <span class='ocrx_word' id='word_1_18' title='bbox 904 328 932 368; x_wconf 87' lang='lat' dir='ltr'><strong>fi</strong></span> <span class='ocrx_word' id='word_1_19' title='bbox 967 343 1001 383; x_wconf 85' lang='grc' dir='ltr'>μ</span> <span class='ocrx_word' id='word_1_20' title='bbox 1035 328 1135 368; x_wconf 85' lang='lat' dir='ltr'><strong>cffet</strong></span> <span class='ocrx_word' id='word_1_21' title='bbox 1169 327 1441 380; x_wconf 76' lang='lat' dir='ltr'><strong>negatiuum‚</strong></span> <span class='ocrx_word' id='word_1_22' title='bbox 1478 337 1569 368; x_wconf 89' lang='lat' dir='ltr'><strong>tum</strong></span> <span class='ocrx_word' id='word_1_23' title='bbox 1605 328 1696 381; x_wconf 84' lang='lat' dir='ltr'><strong>spa-</strong></span> 
     </span>
     <span class='ocr_line' id='line_1_5' title="bbox 106 391 1694 456; baseline -0.004 -18"><span class='ocrx_word' id='word_1_24' title='bbox 106 398 212 438; x_wconf 89' lang='lat' dir='ltr'><strong>tium</strong></span> <span class='ocrx_word' id='word_1_25' title='bbox 238 398 463 456; x_wconf 73' lang='lat' dir='ltr'><strong>qiiaefitum</strong></span> <span class='ocrx_word' id='word_1_26' title='bbox 501 393 688 434; x_wconf 89' lang='lat' dir='ltr'><strong>futurum</strong></span> <span class='ocrx_word' id='word_1_27' title='bbox 725 394 804 433; x_wconf 86' lang='lat' dir='ltr'><strong>effe</strong></span> <span class='ocrx_word' id='word_1_28' title='bbox 838 392 1079 446; x_wconf 84' lang='lat' dir='ltr'><strong>infinitum,</strong></span> <span class='ocrx_word' id='word_1_29' title='bbox 1103 405 1208 447; x_wconf 84' lang='lat' dir='ltr'><strong>quae</strong></span> <span class='ocrx_word' id='word_1_30' title='bbox 1232 391 1536 434; x_wconf 86' lang='lat' dir='ltr'><strong>circumstantia</strong></span> <span class='ocrx_word' id='word_1_31' title='bbox 1565 393 1694 434; x_wconf 85' lang='lat' dir='ltr'><strong>etiam</strong></span> 
     </span>
     <span class='ocr_line' id='line_1_6' title="bbox 104 458 813 517; baseline -0.008 -13"><span class='ocrx_word' id='word_1_32' title='bbox 104 463 150 504; x_wconf 91' lang='lat' dir='ltr'><strong>in</strong></span> <span class='ocrx_word' id='word_1_33' title='bbox 186 463 277 504; x_wconf 81' lang='lat' dir='ltr'><strong>casu</strong></span> <span class='ocrx_word' id='word_1_34' title='bbox 311 461 451 517; x_wconf 90' lang='lat' dir='ltr'><strong>primo</strong></span> <span class='ocrx_word' id='word_1_35' title='bbox 486 459 633 500; x_wconf 90' lang='lat' dir='ltr'><strong>locum</strong></span> <span class='ocrx_word' id='word_1_36' title='bbox 670 458 813 500; x_wconf 85' lang='lat' dir='ltr'><strong>habet.</strong></span> 
     </span>
    </p>
   </div>
   <div class='ocr_carea' id='block_1_4' title="bbox 106 563 1703 955">
    <p class='ocr_par' dir='ltr' id='par_1_4' title="bbox 106 563 1703 955">
     <span class='ocr_line' id='line_1_7' title="bbox 298 563 1697 624; baseline -0.004 -15"><span class='ocrx_word' id='word_1_37' title='bbox 298 569 335 624; x_wconf 85' lang='lat'><strong>§.</strong></span> <span class='ocrx_word' id='word_1_38' title='bbox 374 578 446 613; x_wconf 86' lang='lat'><strong>28.</strong></span> <span class='ocrx_word' id='word_1_39' title='bbox 513 568 594 609; x_wconf 87' lang='lat' dir='ltr'><strong>His</strong></span> <span class='ocrx_word' id='word_1_40' title='bbox 631 567 761 621; x_wconf 86' lang='lat' dir='ltr'><strong>igitur</strong></span> <span class='ocrx_word' id='word_1_41' title='bbox 796 565 928 609; x_wconf 88' lang='lat' dir='ltr'><strong>tribus</strong></span> <span class='ocrx_word' id='word_1_42' title='bbox 967 565 1124 607; x_wconf 75' lang='lat' dir='ltr'><strong>casibus</strong></span> <span class='ocrx_word' id='word_1_43' title='bbox 1162 564 1396 606; x_wconf 62' lang='lat' dir='ltr'><strong>coniunctis</strong></span> <span class='ocrx_word' id='word_1_44' title='bbox 1432 565 1598 606; x_wconf 87' lang='lat' dir='ltr'><strong>summo</strong></span> <span class='ocrx_word' id='word_1_45' title='bbox 1633 563 1697 605; x_wconf 84' lang='lat' dir='ltr'><strong>vi-</strong></span> 
     </span>
     <span class='ocr_line' id='line_1_8' title="bbox 107 629 1698 690; baseline -0.004 -14"><span class='ocrx_word' id='word_1_46' title='bbox 107 648 212 690; x_wconf 87' lang='lat' dir='ltr'><strong>gore</strong></span> <span class='ocrx_word' id='word_1_47' title='bbox 247 635 429 675; x_wconf 65' lang='lat' dir='ltr'><strong>euistum</strong></span> <span class='ocrx_word' id='word_1_48' title='bbox 465 633 547 683; x_wconf 68' lang='lat' dir='ltr'><strong>est,</strong></span> <span class='ocrx_word' id='word_1_49' title='bbox 584 632 759 686; x_wconf 84' lang='lat' dir='ltr'><strong>spatium</strong></span> <span class='ocrx_word' id='word_1_50' title='bbox 795 631 906 671; x_wconf 87' lang='lat' dir='ltr'><strong>inter</strong></span> <span class='ocrx_word' id='word_1_51' title='bbox 940 631 1014 671; x_wconf 85' lang='lat' dir='ltr'><strong>has</strong></span> <span class='ocrx_word' id='word_1_52' title='bbox 1037 629 1310 682; x_wconf 86' lang='lat' dir='ltr'><strong>Hyperbolas</strong></span> <span class='ocrx_word' id='word_1_53' title='bbox 1347 638 1389 670; x_wconf 90' lang='lat' dir='ltr'><strong>et</strong></span> <span class='ocrx_word' id='word_1_54' title='bbox 1423 631 1509 670; x_wconf 82' lang='lat' dir='ltr'><strong>suas</strong></span> <span class='ocrx_word' id='word_1_55' title='bbox 1547 630 1698 681; x_wconf 83' lang='lat' dir='ltr'><strong>assym-</strong></span> 
     </span>
     <span class='ocr_line' id='line_1_9' title="bbox 106 693 1700 749; baseline -0.004 -9"><span class='ocrx_word' id='word_1_56' title='bbox 106 709 216 740; x_wconf 90' lang='lat' dir='ltr'><strong>totas</strong></span> <span class='ocrx_word' id='word_1_57' title='bbox 253 699 460 740; x_wconf 87' lang='lat' dir='ltr'><strong>inclusum</strong></span> <span class='ocrx_word' id='word_1_58' title='bbox 496 697 661 749; x_wconf 87' lang='lat' dir='ltr'><strong>semper</strong></span> <span class='ocrx_word' id='word_1_59' title='bbox 696 695 789 736; x_wconf 90' lang='lat' dir='ltr'><strong>sore</strong></span> <span class='ocrx_word' id='word_1_60' title='bbox 833 694 977 734; x_wconf 81' lang='lat' dir='ltr'><strong>finitae</strong></span> <span class='ocrx_word' id='word_1_61' title='bbox 1013 693 1343 745; x_wconf 77' lang='lat' dir='ltr'><strong>magnitudinis,</strong></span> <span class='ocrx_word' id='word_1_62' title='bbox 1395 694 1423 732; x_wconf 84' lang='lat' dir='ltr'><strong>fi</strong></span> <span class='ocrx_word' id='word_1_63' title='bbox 1460 695 1592 734; x_wconf 86' lang='lat' dir='ltr'><strong>modo</strong></span> <span class='ocrx_word' id='word_1_64' title='bbox 1628 694 1700 734; x_wconf 87' lang='lat' dir='ltr'><strong>lit-</strong></span> 
     </span>
     <span class='ocr_line' id='line_1_10' title="bbox 106 756 1697 818; baseline -0.004 -14"><span class='ocrx_word' id='word_1_65' title='bbox 106 771 219 804; x_wconf 89' lang='lat' dir='ltr'><strong>terae</strong></span> <span class='ocrx_word' id='word_1_66' title='bbox 262 778 297 818; x_wconf 76' lang='grc' dir='ltr'>μ</span> <span class='ocrx_word' id='word_1_67' title='bbox 331 772 373 804; x_wconf 89' lang='lat' dir='ltr'><strong>et</strong></span> <span class='ocrx_word' id='word_1_68' title='bbox 408 776 427 800; x_wconf 78' lang='grc' dir='ltr'><em>ν</em></span> <span class='ocrx_word' id='word_1_69' title='bbox 463 761 618 802; x_wconf 87' lang='lat' dir='ltr'><strong>fuerint</strong></span> <span class='ocrx_word' id='word_1_70' title='bbox 660 759 887 814; x_wconf 71' lang='lat' dir='ltr'><strong>poffliuae,</strong></span> <span class='ocrx_word' id='word_1_71' title='bbox 941 757 1001 798; x_wconf 92' lang='lat' dir='ltr'><strong>vti</strong></span> <span class='ocrx_word' id='word_1_72' title='bbox 1047 756 1221 810; x_wconf 86' lang='lat' dir='ltr'><strong>quidem</strong></span> <span class='ocrx_word' id='word_1_73' title='bbox 1265 756 1552 805; x_wconf 79' lang='lat' dir='ltr'><strong>affumfimus;</strong></span> <span class='ocrx_word' id='word_1_74' title='bbox 1607 767 1697 797; x_wconf 88' lang='lat' dir='ltr'><strong>tum</strong></span> 
     </span>
     <span class='ocr_line' id='line_1_11' title="bbox 106 818 1703 896; baseline -0.004 -27"><span class='ocrx_word' id='word_1_75' title='bbox 106 838 250 869; x_wconf 83' lang='lat' dir='ltr'><strong>autem</strong></span> <span class='ocrx_word' id='word_1_76' title='bbox 288 828 432 869; x_wconf 70' lang='lat' dir='ltr'><strong>fraCtio</strong></span> <span class='ocrx_word' id='word_1_77' title='bbox 467 829 500 896; x_wconf 63' lang='lat' dir='ltr'><strong>g-</strong></span> <span class='ocrx_word' id='word_1_78' title='bbox 532 826 690 866; x_wconf 83' lang='lat' dir='ltr'><strong>vnitate</strong></span> <span class='ocrx_word' id='word_1_79' title='bbox 727 824 806 864; x_wconf 89' lang='lat' dir='ltr'><strong>erit</strong></span> <span class='ocrx_word' id='word_1_80' title='bbox 840 823 993 874; x_wconf 69' lang='lat' dir='ltr'><strong>maior,</strong></span> <span class='ocrx_word' id='word_1_81' title='bbox 1031 821 1158 862; x_wconf 85' lang='lat' dir='ltr'><strong>altera</strong></span> <span class='ocrx_word' id='word_1_82' title='bbox 1179 832 1282 861; x_wconf 86' lang='lat' dir='ltr'><strong>vero</strong></span> <span class='ocrx_word' id='word_1_83' title='bbox 1319 821 1464 861; x_wconf 54' lang='lat' dir='ltr'><strong>fractio</strong></span> <span class='ocrx_word' id='word_1_84' title='bbox 1498 818 1531 884; x_wconf 54' lang='lat' dir='ltr'><strong>{L</strong></span> <span class='ocrx_word' id='word_1_85' title='bbox 1570 822 1703 862; x_wconf 85' lang='lat' dir='ltr'><strong>vnita-</strong></span> 
     </span>
     <span class='ocr_line' id='line_1_12' title="bbox 106 895 1702 955; baseline -0.004 -13"><span class='ocrx_word' id='word_1_86' title='bbox 106 910 149 942; x_wconf 89' lang='lat' dir='ltr'><strong>te</strong></span> <span class='ocrx_word' id='word_1_87' title='bbox 185 902 350 952; x_wconf 68' lang='lat' dir='ltr'><strong>minor,</strong></span> <span class='ocrx_word' id='word_1_88' title='bbox 389 915 493 955; x_wconf 86' lang='lat' dir='ltr'><strong>quae</strong></span> <span class='ocrx_word' id='word_1_89' title='bbox 531 901 750 941; x_wconf 68' lang='lat' dir='ltr'><strong>frastiones</strong></span> <span class='ocrx_word' id='word_1_90' title='bbox 787 911 886 940; x_wconf 91' lang='lat' dir='ltr'><strong>cum</strong></span> <span class='ocrx_word' id='word_1_91' title='bbox 920 897 1255 951; x_wconf 78' lang='lat' dir='ltr'><strong>permutationes</strong></span> <span class='ocrx_word' id='word_1_92' title='bbox 1293 896 1528 950; x_wconf 75' lang='lat' dir='ltr'><strong>patiantur,</strong></span> <span class='ocrx_word' id='word_1_93' title='bbox 1563 895 1702 950; x_wconf 83' lang='lat' dir='ltr'><strong>sequi-</strong></span> 
     </span>
    </p>
   </div>
   <div class='ocr_carea' id='block_1_5' title="bbox 1176 963 1195 980">
    <p class='ocr_par' dir='ltr' id='par_1_5' title="bbox 1176 963 1195 980">
     <span class='ocr_line' id='line_1_13' title="bbox 1176 963 1195 980; baseline 0 0"><span class='ocrx_word' id='word_1_94' title='bbox 1176 963 1195 980; x_wconf 79' lang='grc' dir='ltr'>α</span> 
     </span>
    </p>
   </div>
   <div class='ocr_carea' id='block_1_6' title="bbox 107 957 1702 1019">
    <p class='ocr_par' dir='ltr' id='par_1_6' title="bbox 107 957 1702 1019">
     <span class='ocr_line' id='line_1_14' title="bbox 107 957 1702 1019; baseline -0.003 -14"><span class='ocrx_word' id='word_1_95' title='bbox 107 974 200 1016; x_wconf 75' lang='lat' dir='ltr'><strong>tur,</strong></span> <span class='ocrx_word' id='word_1_96' title='bbox 239 966 406 1019; x_wconf 85' lang='lat' dir='ltr'><strong>quoties</strong></span> <span class='ocrx_word' id='word_1_97' title='bbox 443 965 659 1006; x_wconf 78' lang='lat' dir='ltr'><strong>ambarum</strong></span> <span class='ocrx_word' id='word_1_98' title='bbox 695 966 844 1005; x_wconf 88' lang='lat' dir='ltr'><strong>harum</strong></span> <span class='ocrx_word' id='word_1_99' title='bbox 890 963 1139 1004; x_wconf 57' lang='lat' dir='ltr'><strong>fractionum</strong></span> <span class='ocrx_word' id='word_1_100' title='bbox 1177 990 1209 994; x_wconf 86' lang='lat'>-</span> <span class='ocrx_word' id='word_1_101' title='bbox 1242 968 1284 999; x_wconf 91' lang='lat' dir='ltr'><strong>et</strong></span> <span class='ocrx_word' id='word_1_102' title='bbox 1317 957 1350 994; x_wconf 60' lang='grc' dir='ltr'><strong><em>Ἃ</em></strong></span> <span class='ocrx_word' id='word_1_103' title='bbox 1393 961 1521 1002; x_wconf 82' lang='lat' dir='ltr'><strong>altera</strong></span> <span class='ocrx_word' id='word_1_104' title='bbox 1573 960 1702 1001; x_wconf 87' lang='lat' dir='ltr'><strong>fuerit</strong></span> 
     </span>
    </p>
   </div>
   <div class='ocr_carea' id='block_1_7' title="bbox 107 996 1703 1287">
    <p class='ocr_par' dir='ltr' id='par_1_7' title="bbox 107 996 1703 1287">
     <span class='ocr_line' id='line_1_15' title="bbox 1316 996 1337 1023; baseline 0 0"><span class='ocrx_word' id='word_1_105' title='bbox 1316 996 1337 1023; x_wconf 68' lang='grc' dir='ltr'><strong>ᾱ</strong></span> 
     </span>
     <span class='ocr_line' id='line_1_16' title="bbox 107 996 1703 1090; baseline -0.003 -10"><span class='ocrx_word' id='word_1_106' title='bbox 107 1041 266 1081; x_wconf 84' lang='lat' dir='ltr'><strong>vnitate</strong></span> <span class='ocrx_word' id='word_1_107' title='bbox 304 1040 462 1090; x_wconf 76' lang='lat' dir='ltr'><strong>maior,</strong></span> <span class='ocrx_word' id='word_1_108' title='bbox 513 1039 640 1079; x_wconf 82' lang='lat' dir='ltr'><strong>altera</strong></span> <span class='ocrx_word' id='word_1_109' title='bbox 676 1039 843 1088; x_wconf 83' lang='lat' dir='ltr'><strong>minor,</strong></span> <span class='ocrx_word' id='word_1_110' title='bbox 893 1038 1024 1077; x_wconf 81' lang='lat' dir='ltr'><strong>toties</strong></span> <span class='ocrx_word' id='word_1_111' title='bbox 1057 996 1236 1089; x_wconf 61' lang='lat' dir='ltr'><strong>spatiti3m</strong></span> <span class='ocrx_word' id='word_1_112' title='bbox 1282 1046 1568 1077; x_wconf 80' lang='lat' dir='ltr'><strong>memoratum</strong></span> <span class='ocrx_word' id='word_1_113' title='bbox 1604 1036 1703 1076; x_wconf 77' lang='lat' dir='ltr'><strong>fini-</strong></span> 
     </span>
     <span class='ocr_line' id='line_1_17' title="bbox 107 1100 1701 1155; baseline -0.001 -12"><span class='ocrx_word' id='word_1_114' title='bbox 107 1113 193 1144; x_wconf 84' lang='lat' dir='ltr'><strong>tam</strong></span> <span class='ocrx_word' id='word_1_115' title='bbox 227 1103 469 1143; x_wconf 85' lang='lat' dir='ltr'><strong>habiturum</strong></span> <span class='ocrx_word' id='word_1_116' title='bbox 505 1102 583 1142; x_wconf 79' lang='lat' dir='ltr'><strong>effe</strong></span> <span class='ocrx_word' id='word_1_117' title='bbox 620 1102 982 1155; x_wconf 78' lang='lat' dir='ltr'><strong>magnitudinem,</strong></span> <span class='ocrx_word' id='word_1_118' title='bbox 1017 1100 1139 1141; x_wconf 64' lang='lat' dir='ltr'><strong>simul</strong></span> <span class='ocrx_word' id='word_1_119' title='bbox 1173 1113 1278 1143; x_wconf 76' lang='lat' dir='ltr'><strong>vero</strong></span> <span class='ocrx_word' id='word_1_120' title='bbox 1309 1114 1484 1155; x_wconf 79' lang='lat' dir='ltr'><strong>quoque</strong></span> <span class='ocrx_word' id='word_1_121' title='bbox 1520 1102 1701 1142; x_wconf 62' lang='lat' dir='ltr'><strong>demori-</strong></span> 
     </span>
     <span class='ocr_line' id='line_1_18' title="bbox 107 1164 1698 1217; baseline -0.001 -10"><span class='ocrx_word' id='word_1_122' title='bbox 107 1166 275 1207; x_wconf 86' lang='lat' dir='ltr'><strong>stratum</strong></span> <span class='ocrx_word' id='word_1_123' title='bbox 311 1166 383 1217; x_wconf 83' lang='lat' dir='ltr'><strong>est,</strong></span> <span class='ocrx_word' id='word_1_124' title='bbox 417 1166 444 1205; x_wconf 86' lang='lat' dir='ltr'>fi</span> <span class='ocrx_word' id='word_1_125' title='bbox 481 1165 549 1206; x_wconf 90' lang='lat' dir='ltr'><strong>vel</strong></span> <span class='ocrx_word' id='word_1_126' title='bbox 585 1166 729 1207; x_wconf 84' lang='lat' dir='ltr'><strong>ambae</strong></span> <span class='ocrx_word' id='word_1_127' title='bbox 766 1167 844 1207; x_wconf 83' lang='lat' dir='ltr'><strong>hae</strong></span> <span class='ocrx_word' id='word_1_128' title='bbox 881 1166 1104 1207; x_wconf 59' lang='lat' dir='ltr'><strong>fractiones</strong></span> <span class='ocrx_word' id='word_1_129' title='bbox 1143 1164 1301 1206; x_wconf 88' lang='lat' dir='ltr'><strong>fuerint</strong></span> <span class='ocrx_word' id='word_1_130' title='bbox 1335 1167 1517 1208; x_wconf 78' lang='lat' dir='ltr'><strong>maiores</strong></span> <span class='ocrx_word' id='word_1_131' title='bbox 1538 1167 1698 1207; x_wconf 80' lang='lat' dir='ltr'><strong>vnitate</strong></span> 
     </span>
     <span class='ocr_line' id='line_1_19' title="bbox 107 1229 1322 1287; baseline -0.002 -14"><span class='ocrx_word' id='word_1_132' title='bbox 107 1230 178 1273; x_wconf 85' lang='lat' dir='ltr'><strong>vel</strong></span> <span class='ocrx_word' id='word_1_133' title='bbox 212 1232 425 1284; x_wconf 80' lang='lat' dir='ltr'><strong>minores,</strong></span> <span class='ocrx_word' id='word_1_134' title='bbox 462 1231 588 1272; x_wconf 88' lang='lat' dir='ltr'><strong>toties</strong></span> <span class='ocrx_word' id='word_1_135' title='bbox 623 1231 730 1271; x_wconf 82' lang='lat' dir='ltr'><strong>istud</strong></span> <span class='ocrx_word' id='word_1_136' title='bbox 763 1230 944 1287; x_wconf 27' lang='lat' dir='ltr'><strong>spatium*</strong></span> <span class='ocrx_word' id='word_1_137' title='bbox 978 1231 1057 1272; x_wconf 83' lang='lat' dir='ltr'><strong>effe</strong></span> <span class='ocrx_word' id='word_1_138' title='bbox 1092 1229 1322 1271; x_wconf 83' lang='lat' dir='ltr'><strong>infinitum.</strong></span> 
     </span>
    </p>
   </div>
   <div class='ocr_carea' id='block_1_8' title="bbox 113 1352 1705 1730">
    <p class='ocr_par' dir='ltr' id='par_1_8' title="bbox 113 1352 1705 1730">
     <span class='ocr_line' id='line_1_20' title="bbox 302 1352 1703 1410; baseline -0.001 -15"><span class='ocrx_word' id='word_1_139' title='bbox 302 1355 340 1408; x_wconf 57' lang='grc' dir='ltr'><strong>ᾗ,</strong></span> <span class='ocrx_word' id='word_1_140' title='bbox 397 1367 470 1405; x_wconf 86' lang='lat'><strong>29.</strong></span> <span class='ocrx_word' id='word_1_141' title='bbox 546 1355 759 1398; x_wconf 70' lang='grc' dir='ltr'><strong>Ηειέὶεηιῑε</strong></span> <span class='ocrx_word' id='word_1_142' title='bbox 806 1357 980 1410; x_wconf 82' lang='lat' dir='ltr'><strong>quidem</strong></span> <span class='ocrx_word' id='word_1_143' title='bbox 1028 1356 1219 1397; x_wconf 80' lang='lat' dir='ltr'><strong>contenti</strong></span> <span class='ocrx_word' id='word_1_144' title='bbox 1263 1355 1423 1396; x_wconf 86' lang='lat' dir='ltr'><strong>fuimus</strong></span> <span class='ocrx_word' id='word_1_145' title='bbox 1466 1365 1541 1394; x_wconf 86' lang='lat' dir='ltr'><strong>eos</strong></span> <span class='ocrx_word' id='word_1_146' title='bbox 1588 1352 1703 1394; x_wconf 81' lang='lat' dir='ltr'><strong>casus</strong></span> 
     </span>
     <span class='ocr_line' id='line_1_21' title="bbox 113 1417 1699 1472; baseline 0 -14"><span class='ocrx_word' id='word_1_147' title='bbox 113 1417 331 1471; x_wconf 76' lang='lat' dir='ltr'><strong>assignare,</strong></span> <span class='ocrx_word' id='word_1_148' title='bbox 382 1419 532 1472; x_wconf 89' lang='lat' dir='ltr'><strong>quibus</strong></span> <span class='ocrx_word' id='word_1_149' title='bbox 571 1420 744 1472; x_wconf 86' lang='lat' dir='ltr'><strong>spatium</strong></span> <span class='ocrx_word' id='word_1_150' title='bbox 781 1429 1068 1461; x_wconf 82' lang='lat' dir='ltr'><strong>memoratum</strong></span> <span class='ocrx_word' id='word_1_151' title='bbox 1107 1420 1259 1460; x_wconf 81' lang='lat' dir='ltr'><strong>habeat</strong></span> <span class='ocrx_word' id='word_1_152' title='bbox 1292 1420 1453 1460; x_wconf 88' lang='lat' dir='ltr'><strong>finitam</strong></span> <span class='ocrx_word' id='word_1_153' title='bbox 1492 1417 1699 1470; x_wconf 78' lang='lat' dir='ltr'><strong>quantita·</strong></span> 
     </span>
     <span class='ocr_line' id='line_1_22' title="bbox 113 1482 1703 1537; baseline 0 -16"><span class='ocrx_word' id='word_1_154' title='bbox 113 1491 228 1534; x_wconf 74' lang='lat' dir='ltr'><strong>tem,</strong></span> <span class='ocrx_word' id='word_1_155' title='bbox 281 1495 419 1534; x_wconf 85' lang='lat' dir='ltr'><strong>neque</strong></span> <span class='ocrx_word' id='word_1_156' title='bbox 463 1495 568 1523; x_wconf 86' lang='lat' dir='ltr'><strong>vero</strong></span> <span class='ocrx_word' id='word_1_157' title='bbox 615 1485 784 1525; x_wconf 87' lang='lat' dir='ltr'><strong>solliciti</strong></span> <span class='ocrx_word' id='word_1_158' title='bbox 837 1486 995 1524; x_wconf 88' lang='lat' dir='ltr'><strong>fuimus</strong></span> <span class='ocrx_word' id='word_1_159' title='bbox 1049 1484 1104 1524; x_wconf 89' lang='lat' dir='ltr'><strong>de</strong></span> <span class='ocrx_word' id='word_1_160' title='bbox 1153 1496 1251 1524; x_wconf 82' lang='lat' dir='ltr'><strong>vera</strong></span> <span class='ocrx_word' id='word_1_161' title='bbox 1301 1484 1390 1524; x_wconf 87' lang='lat' dir='ltr'><strong>eius</strong></span> <span class='ocrx_word' id='word_1_162' title='bbox 1437 1482 1703 1537; x_wconf 81' lang='lat' dir='ltr'><strong>quantitate,</strong></span> 
     </span>
     <span class='ocr_line' id='line_1_23' title="bbox 116 1544 1703 1601; baseline -0.001 -15"><span class='ocrx_word' id='word_1_163' title='bbox 116 1557 221 1598; x_wconf 84' lang='lat' dir='ltr'><strong>quae</strong></span> <span class='ocrx_word' id='word_1_164' title='bbox 256 1547 509 1599; x_wconf 86' lang='lat' dir='ltr'><strong>plerumque</strong></span> <span class='ocrx_word' id='word_1_165' title='bbox 549 1546 753 1589; x_wconf 82' lang='lat' dir='ltr'><strong>formulas</strong></span> <span class='ocrx_word' id='word_1_166' title='bbox 788 1547 1015 1601; x_wconf 77' lang='lat' dir='ltr'><strong>integrales</strong></span> <span class='ocrx_word' id='word_1_167' title='bbox 1052 1547 1333 1588; x_wconf 40' lang='lat' dir='ltr'><strong>intractabiles</strong></span> <span class='ocrx_word' id='word_1_168' title='bbox 1370 1547 1573 1601; x_wconf 74' lang='lat' dir='ltr'><strong>postulat,</strong></span> <span class='ocrx_word' id='word_1_169' title='bbox 1629 1544 1703 1585; x_wconf 84' lang='lat' dir='ltr'><strong>vbi</strong></span> 
     </span>
     <span class='ocr_line' id='line_1_24' title="bbox 113 1610 1704 1662; baseline -0.001 -11"><span class='ocrx_word' id='word_1_170' title='bbox 113 1611 273 1651; x_wconf 88' lang='lat' dir='ltr'><strong>scilicet</strong></span> <span class='ocrx_word' id='word_1_171' title='bbox 314 1610 539 1662; x_wconf 81' lang='lat' dir='ltr'><strong>integratio</strong></span> <span class='ocrx_word' id='word_1_172' title='bbox 585 1612 635 1651; x_wconf 89' lang='lat' dir='ltr'><strong>ad</strong></span> <span class='ocrx_word' id='word_1_173' title='bbox 681 1613 930 1662; x_wconf 79' lang='lat' dir='ltr'><strong>quantitates</strong></span> <span class='ocrx_word' id='word_1_174' title='bbox 976 1613 1161 1652; x_wconf 82' lang='lat' dir='ltr'><strong>maxime</strong></span> <span class='ocrx_word' id='word_1_175' title='bbox 1206 1611 1544 1652; x_wconf 82' lang='lat' dir='ltr'><strong>transcendentes</strong></span> <span class='ocrx_word' id='word_1_176' title='bbox 1583 1610 1704 1650; x_wconf 86' lang='lat' dir='ltr'><strong>affur-</strong></span> 
     </span>
     <span class='ocr_line' id='line_1_25' title="bbox 113 1672 1705 1730; baseline -0.001 -16"><span class='ocrx_word' id='word_1_177' title='bbox 113 1683 244 1728; x_wconf 88' lang='lat' dir='ltr'><strong>geret.</strong></span> <span class='ocrx_word' id='word_1_178' title='bbox 313 1672 464 1714; x_wconf 81' lang='lat' dir='ltr'><strong>Casum</strong></span> <span class='ocrx_word' id='word_1_179' title='bbox 500 1674 628 1726; x_wconf 82' lang='lat' dir='ltr'><strong>igitur</strong></span> <span class='ocrx_word' id='word_1_180' title='bbox 663 1674 754 1717; x_wconf 73' lang='lat' dir='ltr'><strong>satis</strong></span> <span class='ocrx_word' id='word_1_181' title='bbox 794 1675 1118 1718; x_wconf 78' lang='lat' dir='ltr'><strong>memorabilem</strong></span> <span class='ocrx_word' id='word_1_182' title='bbox 1156 1674 1482 1730; x_wconf 84' lang='lat' dir='ltr'><strong>subiungamus,</strong></span> <span class='ocrx_word' id='word_1_183' title='bbox 1519 1686 1605 1728; x_wconf 87' lang='lat' dir='ltr'><strong>quo</strong></span> <span class='ocrx_word' id='word_1_184' title='bbox 1642 1672 1705 1726; x_wconf 88' lang='lat' dir='ltr'><strong>ip-</strong></span> 
     </span>
    </p>
   </div>
   <div class='ocr_carea' id='block_1_9' title="bbox 113 1737 1704 1844">
    <p class='ocr_par' dir='ltr' id='par_1_9' title="bbox 113 1737 1704 1844">
     <span class='ocr_line' id='line_1_26' title="bbox 113 1737 1704 1795; baseline 0 -17"><span class='ocrx_word' id='word_1_185' title='bbox 113 1739 196 1778; x_wconf 81' lang='lat' dir='ltr'><strong>sam</strong></span> <span class='ocrx_word' id='word_1_186' title='bbox 232 1737 345 1778; x_wconf 84' lang='lat' dir='ltr'><strong>istam</strong></span> <span class='ocrx_word' id='word_1_187' title='bbox 380 1750 522 1779; x_wconf 79' lang='lat' dir='ltr'><strong>aream</strong></span> <span class='ocrx_word' id='word_1_188' title='bbox 554 1739 660 1780; x_wconf 75' lang='lat' dir='ltr'><strong>adeo</strong></span> <span class='ocrx_word' id='word_1_189' title='bbox 696 1741 932 1795; x_wconf 84' lang='lat' dir='ltr'><strong>algebraice</strong></span> <span class='ocrx_word' id='word_1_190' title='bbox 968 1740 1061 1782; x_wconf 85' lang='lat' dir='ltr'><strong>satis</strong></span> <span class='ocrx_word' id='word_1_191' title='bbox 1105 1739 1284 1795; x_wconf 76' lang='lat' dir='ltr'><strong>simplici</strong></span> <span class='ocrx_word' id='word_1_192' title='bbox 1320 1742 1454 1782; x_wconf 90' lang='lat' dir='ltr'><strong>modo</strong></span> <span class='ocrx_word' id='word_1_193' title='bbox 1490 1739 1704 1794; x_wconf 81' lang='lat' dir='ltr'><strong>exprime-</strong></span> 
     </span>
     <span class='ocr_line' id='line_1_27' title="bbox 115 1801 311 1844; baseline -0.015 0"><span class='ocrx_word' id='word_1_194' title='bbox 115 1815 160 1844; x_wconf 85' lang='lat' dir='ltr'><strong>re</strong></span> <span class='ocrx_word' id='word_1_195' title='bbox 196 1801 311 1842; x_wconf 88' lang='lat' dir='ltr'><strong>licet.</strong></span> 
     </span>
    </p>
   </div>
   <div class='ocr_carea' id='block_1_10' title="bbox 763 1870 1072 1932">
    <p class='ocr_par' dir='ltr' id='par_1_10' title="bbox 763 1870 1072 1932">
     <span class='ocr_line' id='line_1_28' title="bbox 763 1870 1072 1932; baseline 0.01 -3"><span class='ocrx_word' id='word_1_196' title='bbox 763 1870 1072 1932; x_wconf 77' lang='lat' dir='ltr'><strong>Problema.</strong></span> 
     </span>
    </p>
   </div>
   <div class='ocr_carea' id='block_1_11' title="bbox 106 1953 1708 2270">
    <p class='ocr_par' dir='ltr' id='par_1_11' title="bbox 106 1953 1708 2270">
     <span class='ocr_line' id='line_1_29' title="bbox 311 1953 1705 2014; baseline 0.003 -18"><span class='ocrx_word' id='word_1_197' title='bbox 311 1953 362 1996; x_wconf 76' lang='lat' dir='ltr'><strong>Sz·</strong></span> <span class='ocrx_word' id='word_1_198' title='bbox 400 1966 546 1997; x_wconf 73' lang='lat' dir='ltr'><strong>natura</strong></span> <span class='ocrx_word' id='word_1_199' title='bbox 587 1970 729 1999; x_wconf 84' lang='lat' dir='ltr'><strong>curuae</strong></span> <span class='ocrx_word' id='word_1_200' title='bbox 772 1957 1042 2014; x_wconf 73' lang='lat' dir='ltr'><strong>hyperbolicae</strong></span> <span class='ocrx_word' id='word_1_201' title='bbox 1086 1957 1164 2000; x_wconf 82' lang='lat' dir='ltr'><strong>hac</strong></span> <span class='ocrx_word' id='word_1_202' title='bbox 1208 1959 1438 2013; x_wconf 75' lang='lat' dir='ltr'><strong>aequatione</strong></span> <span class='ocrx_word' id='word_1_203' title='bbox 1472 1955 1598 2014; x_wconf 83' lang='lat' dir='ltr'><strong>fuerit</strong></span> <span class='ocrx_word' id='word_1_204' title='bbox 1633 1971 1705 2000; x_wconf 79' lang='lat' dir='ltr'><strong>ex-</strong></span> 
     </span>
     <span class='ocr_line' id='line_1_30' title="bbox 114 2014 1708 2078; baseline 0.003 -18"><span class='ocrx_word' id='word_1_205' title='bbox 114 2019 265 2077; x_wconf 82' lang='lat' dir='ltr'><strong>preffa:</strong></span> <span class='ocrx_word' id='word_1_206' title='bbox 302 2034 323 2061; x_wconf 85' lang='lat' dir='ltr'><strong>a</strong></span> <span class='ocrx_word' id='word_1_207' title='bbox 344 2024 392 2061; x_wconf 57' lang='lat' dir='ltr'><strong>xa</strong></span> <span class='ocrx_word' id='word_1_208' title='bbox 412 2014 539 2073; x_wconf 61' lang='grc' dir='ltr'><strong>γβ-4-</strong></span> <span class='ocrx_word' id='word_1_209' title='bbox 559 2021 583 2061; x_wconf 94' lang='lat' dir='ltr'>b</span> <span class='ocrx_word' id='word_1_210' title='bbox 603 2015 650 2062; x_wconf 63' lang='grc' dir='ltr'><strong>κβ</strong></span> <span class='ocrx_word' id='word_1_211' title='bbox 669 2025 795 2074; x_wconf 73' lang='lat' dir='ltr'>y0‘:</span> <span class='ocrx_word' id='word_1_212' title='bbox 816 2038 863 2078; x_wconf 75' lang='lat' dir='ltr'><strong>c,</strong></span> <span class='ocrx_word' id='word_1_213' title='bbox 914 2024 985 2066; x_wconf 78' lang='lat' dir='ltr'><strong>vbi</strong></span> <span class='ocrx_word' id='word_1_214' title='bbox 1019 2024 1274 2077; x_wconf 78' lang='lat' dir='ltr'><strong>coefficientes</strong></span> <span class='ocrx_word' id='word_1_215' title='bbox 1308 2038 1354 2075; x_wconf 73' lang='lat' dir='ltr'><strong>a,</strong></span> <span class='ocrx_word' id='word_1_216' title='bbox 1391 2024 1443 2076; x_wconf 80' lang='lat' dir='ltr'><strong>b,</strong></span> <span class='ocrx_word' id='word_1_217' title='bbox 1479 2036 1526 2075; x_wconf 70' lang='lat' dir='ltr'><strong>c,</strong></span> <span class='ocrx_word' id='word_1_218' title='bbox 1579 2036 1708 2065; x_wconf 86' lang='lat' dir='ltr'><strong>omnes</strong></span> 
     </span>
     <span class='ocr_line' id='line_1_31' title="bbox 106 2085 1707 2144; baseline 0.001 -18"><span class='ocrx_word' id='word_1_219' title='bbox 106 2086 191 2140; x_wconf 84' lang='lat' dir='ltr'><strong>stnt</strong></span> <span class='ocrx_word' id='word_1_220' title='bbox 230 2085 411 2139; x_wconf 71' lang='lat' dir='ltr'><strong>politius,</strong></span> <span class='ocrx_word' id='word_1_221' title='bbox 462 2093 694 2140; x_wconf 79' lang='lat' dir='ltr'><strong>exponentes</strong></span> <span class='ocrx_word' id='word_1_222' title='bbox 736 2100 831 2128; x_wconf 81' lang='lat' dir='ltr'><strong>vero</strong></span> <span class='ocrx_word' id='word_1_223' title='bbox 874 2104 898 2128; x_wconf 78' lang='lat' dir='ltr'><strong>a.</strong></span> <span class='ocrx_word' id='word_1_224' title='bbox 935 2099 976 2130; x_wconf 91' lang='lat' dir='ltr'><strong>et</strong></span> <span class='ocrx_word' id='word_1_225' title='bbox 1012 2092 1040 2144; x_wconf 83' lang='grc' dir='ltr'>β</span> <span class='ocrx_word' id='word_1_226' title='bbox 1083 2092 1140 2130; x_wconf 82' lang='lat' dir='ltr'><strong>ita</strong></span> <span class='ocrx_word' id='word_1_227' title='bbox 1183 2088 1430 2141; x_wconf 78' lang='lat' dir='ltr'><strong>comparati,</strong></span> <span class='ocrx_word' id='word_1_228' title='bbox 1483 2096 1531 2128; x_wconf 71' lang='lat' dir='ltr'><strong>vt</strong></span> <span class='ocrx_word' id='word_1_229' title='bbox 1577 2099 1707 2129; x_wconf 86' lang='lat' dir='ltr'><strong>eorum</strong></span> 
     </span>
     <span class='ocr_line' id='line_1_32' title="bbox 110 2149 1707 2207; baseline 0.002 -18"><span class='ocrx_word' id='word_1_230' title='bbox 110 2149 268 2205; x_wconf 75' lang='lat' dir='ltr'><strong>fiuuma</strong></span> <span class='ocrx_word' id='word_1_231' title='bbox 303 2153 449 2191; x_wconf 75' lang='lat' dir='ltr'><strong>vultati</strong></span> <span class='ocrx_word' id='word_1_232' title='bbox 483 2160 683 2204; x_wconf 76' lang='lat' dir='ltr'><strong>aequetur,</strong></span> <span class='ocrx_word' id='word_1_233' title='bbox 718 2163 854 2192; x_wconf 83' lang='lat' dir='ltr'><strong>aream</strong></span> <span class='ocrx_word' id='word_1_234' title='bbox 889 2153 1152 2206; x_wconf 64' lang='lat' dir='ltr'><strong>inuestigare,</strong></span> <span class='ocrx_word' id='word_1_235' title='bbox 1202 2165 1317 2206; x_wconf 87' lang='lat' dir='ltr'><strong>quam</strong></span> <span class='ocrx_word' id='word_1_236' title='bbox 1359 2152 1452 2207; x_wconf 77' lang='lat' dir='ltr'><strong>istae</strong></span> <span class='ocrx_word' id='word_1_237' title='bbox 1492 2165 1635 2194; x_wconf 82' lang='lat' dir='ltr'><strong>curuae</strong></span> <span class='ocrx_word' id='word_1_238' title='bbox 1667 2154 1707 2192; x_wconf 76' lang='lat' dir='ltr'><strong>in</strong></span> 
     </span>
     <span class='ocr_line' id='line_1_33' title="bbox 122 2213 1319 2270; baseline 0.001 -13"><span class='ocrx_word' id='word_1_239' title='bbox 122 2215 310 2267; x_wconf 79' lang='lat' dir='ltr'><strong>infinitum</strong></span> <span class='ocrx_word' id='word_1_240' title='bbox 338 2216 554 2269; x_wconf 73' lang='lat' dir='ltr'><strong>proauaae</strong></span> <span class='ocrx_word' id='word_1_241' title='bbox 588 2218 694 2257; x_wconf 83' lang='lat' dir='ltr'><strong>intra</strong></span> <span class='ocrx_word' id='word_1_242' title='bbox 717 2213 817 2270; x_wconf 85' lang='lat' dir='ltr'><strong>suas</strong></span> <span class='ocrx_word' id='word_1_243' title='bbox 851 2216 1077 2269; x_wconf 86' lang='lat' dir='ltr'><strong>affymtotas</strong></span> <span class='ocrx_word' id='word_1_244' title='bbox 1110 2215 1319 2260; x_wconf 82' lang='lat' dir='ltr'><strong>includunt.</strong></span> 
     </span>
    </p>
   </div>
   <div class='ocr_carea' id='block_1_12' title="bbox 894 2311 1710 2357">
    <p class='ocr_par' dir='ltr' id='par_1_12' title="bbox 894 2311 1710 2357">
     <span class='ocr_line' id='line_1_34' title="bbox 894 2311 1710 2357; baseline 0 -4"><span class='ocrx_word' id='word_1_245' title='bbox 894 2312 931 2353; x_wconf 83' lang='lat' dir='ltr'>R</span> <span class='ocrx_word' id='word_1_246' title='bbox 970 2324 994 2351; x_wconf 89' lang='lat'>2</span> <span class='ocrx_word' id='word_1_247' title='bbox 1579 2311 1710 2357; x_wconf 86' lang='lat' dir='ltr'><strong>Solu-</strong></span> 
     </span>
    </p>
   </div>
  </div>
 </body>
</html>
