2080 2682
866 128 1019 142 --·-
1054 111 1208 167 (356)
1243 126 1396 139 *-

336 224 465 268 fibrae
519 237 734 267 extremae
779 225 942 266 ordinis
988 228 1114 280 primi
1160 226 1383 281 parallelae
1429 223 1671 280 prioribus,
1724 233 1841 267 ortae
1895 227 1944 268 ab

334 292 556 332 interstitio
594 292 704 330 inter
750 289 847 330 bina
884 290 951 332 fila
990 293 1260 345 cartilaginea
1306 291 1485 341 sinistra,
1542 303 1618 331 nec
1659 292 1789 332 tec‘tae
1835 293 1945 333 funi·

336 357 441 397 culis
491 355 655 396 ordinis
702 354 900 406 secundi,
954 358 1001 397 ad
1052 358 1187 397 striam
1235 369 1368 409 vsque
1416 358 1648 396 decurrunt
1684 357 1725 396 in
1762 369 1943 410 eamque

333 421 586 462 inseruntur.
673 417 800 461 Ortas
840 422 966 461 etiam
1007 423 1089 461 hoc
1130 421 1264 461 modo
1300 420 1349 460 ab
1388 420 1609 461 interstitio
1647 423 1757 461 inter
1792 420 1863 462 fila
1899 421 1948 461 fi-

335 485 458 527 nistra
493 485 725 540 progredi,
778 495 820 526 et
858 485 929 526 sub
968 486 1131 540 priores
1172 486 1295 526 huius
1335 486 1498 526 ordinis
1542 486 1694 540 fibras⁷
1750 501 1771 528 a
1807 487 1949 529 media

334 550 395 592 fili
431 561 549 606 parte
586 562 728 604 ortas,
768 551 805 591 se
843 552 1063 606 recipere,
1099 551 1142 591 in
1180 550 1326 604 aliquo
1364 550 1497 591 corde
1534 552 1635 592 vidi.

757 664 943 705 Vax-ieras
982 665 1130 706 ordinis
1161 666 1287 719 primi
1312 660 1528 715 fibrarum.

533 741 765 785 Caeterum
807 744 898 785 satis
939 744 1130 785 constans
1168 744 1238 785 hic
1276 743 1491 785 musculus
1529 742 1610 795 est,
1657 756 1785 796 quem
1823 743 1947 785 facile

335 807 495 862 vbique
533 819 575 849 et
612 810 754 862 primo
790 808 956 863 aspeftu
993 823 1014 850 a
1053 810 1229 851 caeteris
1271 809 1379 851 strati
1415 808 1534 850 fibris
1572 809 1815 862 distinguas.
1868 808 1949 850 Di-

336 874 574 914 restionem
621 874 729 914 hanc
775 873 1029 927 singularem
1078 874 1308 926 fibrarum,
1365 888 1446 929 qua
1482 874 1708 928 parallelae
1747 874 1835 915 fere
1872 874 1949 917 filo

335 938 435 991 ipfi‚
474 949 516 980 et
553 937 625 979 snb
663 939 827 993 angulis
866 939 1133 992 acutissimis,
1173 939 1233 987 ,ab
1271 940 1348 983 illo
1385 941 1608 992 oriuntur5
1664 953 1743 994 qua
1781 941 1949 994 apicem

333 1002 477 1043 versus
526 1004 679 1043 deinde
726 1004 948 1056 paululum
995 1005 1156 1057 flexae,
1214 1019 1320 1046 mox
1364 1013 1504 1046 tamen
1551 1004 1593 1046 in
1637 1005 1809 1048 duc'ium
1838 1018 1951 1048 ‚eun-

338 1067 466 1117 dem,
523 1067 761 1108 transuerso
800 1068 1095 1121 propinquum
1133 1070 1341 1119 redeunt,
1394 1069 1617 1112 fasciculos
1658 1083 1790 1122 porro
1828 1070 1952 1112 latio-

336 1144 430 1181 res.,
467 1131 509 1170 in
549 1144 658 1184 quos
697 1131 828 1172 fibrae
866 1132 1070 1173 conedae
1112 1133 1227 1183 sunt,
1263 1141 1305 1172 et
1342 1130 1523 1185 figuram
1561 1133 1748 1185 denique
1794 1133 1950 1183 illam.⁹

336 1194 448 1248 quasi
495 1193 803 1244 ventricolam,
855 1194 1015 1246 vbique
1062 1196 1150 1234 fere
1204 1195 1366 1247 reperi:
1421 1195 1520 1235 Vna
1573 1205 1715 1235 tamen
1767 1197 1948 1239 varietas

337 1259 418 1310 est,
456 1271 564 1312 quae
603 1258 871 1311 frequentius
911 1257 1025 1309 fere,
1078 1271 1203 1312 quam
1241 1258 1347 1298 haec
1385 1258 1594 1311 descripta
1631 1259 1829 1299 struRura
1865 1259 1951 1313 ipsa

337 1337 564 1365 occurrere
610 1324 805 1375 videtur,
859 1323 994 1374 adeo,
1051 1334 1096 1364 vt
1140 1323 1183 1363 in
1231 1323 1333 1364 duas
1381 1321 1492 1376 quasi
1540 1322 1699 1376 specics
1747 1324 1952 1366 fabricam

337 1389 541 1430 fibrarum
579 1389 741 1430 ordinis
780 1389 906 1442 primi
945 1388 1201 1443 distinguere
1237 1387 1389 1440 liceat,
1437 1400 1613 1441 quarum
1651 1388 1780 1430 altera
1819 1401 1948 1442 eam,

339 1468 446 1509 quae
484 1455 526 1495 in
565 1455 649 1495 hoc
687 1454 816 1495 corde
852 1454 982 1495 exstat
1016 1454 1146 1496 altera
1183 1454 1316 1506 hauc,
1355 1466 1479 1508 quam
1519 1453 1728 1495 continuo
1773 1454 1910 1495 dicam
1935 1483 1950 1506 ,

338 1519 517 1561 musculi
565 1520 690 1560 liuius
738 1519 1063 1572 conditionem,
1115 1521 1283 1560 referat.
1372 1518 1590 1560 Nimirum
1635 1519 1758 1559 simili
1813 1519 1947 1560 modo

339 1585 469 1626 fibrae
507 1586 632 1627 huius
671 1584 833 1625 ordinis
870 1598 891 1625 a
927 1583 1002 1625 filo
1041 1585 1317 1638 cartilagineo
1364 1584 1586 1636 posteriori
1632 1583 1791 1625 sinistro
1828 1596 1948 1625 ortae

342 1650 573 1690 directione
619 1650 768 1689 eadem
813 1649 1021 1703 fimilique
1059 1648 1228 1703 prorsus
1267 1649 1392 1689 duCtu
1431 1651 1482 1690 ad
1519 1649 1658 1690 sedem
1703 1650 1947 1690 insertionis

341 1727 478 1767 vsque
515 1714 779 1767 progressae,
816 1714 994 1753 similem
1033 1713 1167 1767 figura
1204 1713 1434 1754 efficiendo
1471 1715 1737 1767 musculum,
1783 1727 1867 1755 non
1906 1715 1948 1754 in

341 1790 505 1833 partem
545 1780 649 1819 hanc
687 1778 802 1819 striae
840 1778 1117 1832 posteriorem
1156 1780 1416 1830 inseruntur,
1473 1780 1543 1821 sed
1588 1779 1710 1834 plane
1749 1780 1950 1820 continu-

342 1854 413 1885 ant
448 1844 488 1883 in
529 1843 671 1884 fascias
709 1843 817 1883 strati
864 1845 1036 1884 secundi
1071 1843 1297 1885 ventriculi
1336 1844 1501 1896 dextri,
1557 1855 1603 1885 vt
1638 1857 1769 1885 vnum
1809 1845 1951 1885 omni-

343 1922 400 1950 no
447 1921 544 1949 cum
592 1908 654 1948 his
705 1908 838 1948 fasciis
885 1907 1124 1949 musculum
1169 1909 1368 1949 efficiant.
1459 1908 1577 1950 Dum
1624 1909 1677 1950 sic
1730 1909 1860 1950 fibrae
1908 1911 1951 1949 in

344 1975 544 2014 dextrum
591 1973 878 2014 ventriculum
933 1974 1178 2025 transcunt,
1232 1975 1470 2028 adiungunt
1514 1974 1552 2015 se
1598 1973 1716 2015 fibris
1770 1974 1951 2016 musculi

344 2039 486 2090 striae„
539 2038 695 2092 pariter
738 2039 779 2079 in
827 2039 1025 2080 dextrum
1063 2038 1352 2080 ventriculum
1395 2040 1747 2089 excurrentibus„
1804 2040 1952 2080 dudin-

346 2116 427 2157 que
483 2103 701 2144 conformi
755 2117 853 2145 cum
908 2103 972 2144 his
1025 2105 1383 2158 progrediuntur3
1440 2115 1487 2145 vt
1533 2103 1760 2159 peculiaris
1815 2103 1948 2145 modo

343 2168 488 2223 portio
537 2168 759 2209 fasciculus
817 2169 933 2209 striae
987 2169 1164 2210 musculi
1209 2170 1299 2210 eius
1349 2183 1476 2224 quem
1522 2169 1781 2210 transcuntes
1819 2169 1946 2208 fibrae

346 2233 509 2275 ordinis
548 2234 676 2289 primi
711 2233 927 2289 efficiunt,
965 2235 1044 2276 effe
1082 2235 1290 2276 videatur.
1381 2235 1458 2277 Vti
1495 2234 1715 2277 fasciculus
1755 2234 1868 2275 striae
1905 2230 1945 2269 in

1838 2307 1947 2335 mar-
