2080 2682
671 132 823 159 Ξ
854 115 1008 175 (363)
1041 130 1198 149 ·-·

135 231 380 280 efficiuntur
415 231 490 285 iis,
526 233 677 287 quibus
711 235 754 274 in
790 233 914 275 strato
950 243 1131 276 externo
1166 230 1371 274 secundus
1409 240 1452 273 et
1485 229 1633 274 tertius
1653 247 1732 277 oro.

136 301 195 342 do
231 299 403 341 distinffl
441 308 556 339 erant
589 298 635 350 α)
718 298 829 340 Nam
865 308 907 339 et
942 299 982 339 in
1021 301 1104 340 hoc
1141 297 1260 340 funes
1306 297 1492 353 paralleli
1539 297 1648 339 inter
1682 299 1723 339 se

135 364 277 418 ipsos,
332 363 456 404 duc‘fu
502 361 718 415 imprimis·
758 364 943 405 maxime
987 363 1203 418 obliquo,>
1245 373 1288 404 et
1324 364 1394 403 vix
1431 376 1452 404 a
1487 362 1722 416 longitudi-

136 430 219 470 naii
258 428 447 478 diuerso,
485 426 584 466 dum
622 438 696 480 per
731 426 976 468 inferiorern
1014 428 1282 482 superficiem
1310 427 1530 468 ventriculi
1570 428 1722 468 decur-

134 502 275 534 rerent
312 492 487 544 insignes
525 502 656 531 eti-ant.
692 487 735 543 b)
775 491 818 531 ln
851 495 975 532 tertio
1011 493 1161 533 ordine
1197 492 1384 546 primurn
1420 491 1619 532 notabilis
1658 491 1722 531 di-

133 556 333 598 rectionis
370 556 547 596 mutatio
584 556 621 595 se
662 556 970 606 manifestabat,
1023 570 1103 610 qua
1146 561 1370 610 propiores
1409 556 1547 597 dudini
1586 567 1720 595 trans-

133 619 255 661 verso
298 619 426 661 fibrae
470 619 559 660 eius
606 633 755 661 omnes
802 621 872 661 sub
917 621 1112 661 ordinem
1159 623 1322 661 funium
1368 620 1406 660 se
1444 619 1719 673 recipiebant.

133 686 184 737 c)
254 684 298 724 ld
335 696 439 738 ergo
483 683 639 736 insigne
685 685 724 724 in
771 685 893 725 strato
928 695 1111 739 Vtroque
1150 685 1257 725 inter
1294 685 1521 725 secundum
1558 694 1599 724 et
1635 694 1720 723 ter·

132 749 245 789 tium.
285 749 481 789 ordinem
533 747 737 789 fibrarum
778 750 993 791 conuenit.
1083 748 1182 790 Siue
1228 750 1426 790 Vltimum
1481 747 1720 794 funiculum

132 825 244 854 nunc
281 812 321 852 in
360 813 482 853 strato
518 812 701 853 secundo
739 827 816 865 pro
856 813 1053 854 fasciculo
1090 823 1366 866 procurrente
1404 812 1551 852 maiori
1589 813 1719 853 habe-

130 890 176 919 re
214 876 345 928 velis,
380 877 462 916 fine
500 886 630 918 totam
671 890 748 929 pro
786 891 839 917 eo
875 877 1037 918 sumere
1074 878 1318 929 portionem
1356 877 1500 927 illam,
1537 889 1642 929 quae
1678 875 1719 916 se

130 955 152 983 a
175 941 347 995 reliquis
376 942 573 981 funiculis
596 942 757 981 ordinis
795 942 965 982 secundi
1003 942 1239 994 distinguit,
1277 941 1358 982 fiue
1397 942 1560 981 nullum
1598 953 1721 993 pror-

130 1005 196 1048 sus
219 1007 443 1058 :gnoscere
472 1005 511 1043 in
550 1006 677 1046 stra‘o
710 1007 892 1045 secundo
932 1006 1167 1045 funiculum
1207 1015 1555 1058 procurrentem;
1592 1003 1720 1042 struc-

130 1077 221 1110 tura
259 1079 396 1109 tamen
434 1068 580 1107 eadem
620 1070 659 1107 in
700 1070 780 1107 hoc
819 1069 939 1108 stra*o
978 1070 1122 1107 locum
1162 1069 1311 1117 habet,
1358 1080 1463 1120 quae
1499 1067 1538 1106 in
1577 1077 1721 1106 exter-

128 1145 186 1173 no
222 1146 243 1172 a
279 1138 554 1185 procurrente
591 1131 672 1170 hoc
712 1131 903 1171 funiculo
940 1130 1214 1171 efficiebatur.
1291 1130 1389 1170 Alia
1425 1143 1471 1170 ac
1509 1143 1618 1170 noua
1656 1130 1720 1169 di-

127 1197 260 1237 renio
297 1195 521 1241 fibrarum,
576 1195 811 1233 transuerso
850 1193 988 1231 dudlui
1027 1194 1232 1244 propior,
1272 1194 1457 1246 primum
1494 1194 1535 1232 in
1572 1193 1721 1233 limiti-

130 1257 209 1298 bus
247 1258 353 1295 inter
391 1256 615 1296 secundum
654 1265 696 1294 et
732 1254 901 1294 tertium
938 1255 1133 1295 ordinem
1180 1256 1218 1298 se
1256 1256 1515 1309 manifestat,
1567 1257 1716 1297 tertius

129 1321 203 1362 sub
242 1321 468 1360 secundum
515 1322 550 1358 ie
597 1319 768 1371 recipit,
818 1327 860 1359 et
903 1319 1059 1359 limites
1096 1333 1148 1360 eo
1185 1320 1274 1373 ipso
1311 1321 1488 1374 insignes
1525 1320 1718 1361 efficiun-

130 1392 212 1425 tur.
302 1384 418 1424 Haec
454 1382 611 1436 singula
647 1383 687 1421 in
727 1393 903 1435 Vtroque
942 1384 1063 1424 strato
1101 1385 1244 1424 locum
1291 1385 1471 1434 habent,
1525 1399 1602 1426 nec
1639 1387 1718 1426 ali-

130 1461 195 1490 am
235 1460 533 1501 quamcunque
565 1446 621 1486 ob
652 1445 809 1487 causam
845 1447 888 1489 in
921 1457 1098 1488 externo
1137 1449 1424 1489 memorabilis
1461 1461 1715 1503 procurrens

131 1512 351 1555 fasciculus
389 1512 492 1564 fuit,
529 1524 655 1565 quam
691 1522 940 1567 propterea,
980 1513 1094 1567 quod
1131 1513 1234 1554 haec
1271 1512 1474 1557 efficeret.

320 1639 514 1695 Superest
549 1642 694 1682 res-riu<
723 1651 764 1682 et
793 1655 962 1696 quartus
999 1644 1108 1685 ordo
1145 1642 1343 1684 fibrarum
1380 1642 1487 1684 strati
1510 1640 1711 1694 secundi,

135 1715 242 1759 quos
281 1703 321 1745 in
360 1706 628 1758 sequentibus
665 1719 890 1760 exponam.

132 1793 1720 1823 W

180 1847 215 1879 a]
246 1847 330 1882 Tab.
364 1845 428 1882 1V.
454 1858 490 1888 73
530 1858 580 1888 77.
608 1852 649 1888 78
691 1852 731 1887 78
772 1853 823 1885 82.

180 1903 217 1942 b*
249 1907 331 1940 Tab.
361 1907 422 1939 Vl.
454 1917 499 1946 13.
533 1917 579 1950 54v
609 1916 652 1949 55.
681 1916 720 1947 24
757 1908 810 1949 76.

178 1971 219 2016 e)
247 1969 332 2005 Tab.
359 1968 413 2003 Ν.
442 1978 478 2012 75
514 1978 566 2010 79-
596 1977 645 2008 77·
674 1972 722 2013 78.
754 1974 805 2006 82.

401 2130 1403 2163 a

933 2282 1013 2325 Zz
1052 2295 1077 2324 2
1615 2277 1719 2327 OB-
