2080 2682
621 132 1159 193 ss<33w====

689 251 898 294 EXPER.
941 250 1060 293 XIX.

277 331 348 373 Ex
382 329 609 371 duodecim
656 329 867 371 drachmis
913 336 1046 370 terrae
1092 326 1263 369 foliatae
1299 322 1492 378 tartari‚'
1519 322 1668 366 debito

87 395 185 452 igne
224 396 317 437 fufis
354 406 395 436 et
431 407 524 435 cum
548 403 689 445 4tart.
711 395 805 435 vitr.
827 394 1114 447 supersaturati
1150 393 1282 434 vnciis
1320 391 1452 445 probe
1491 391 1670 440 mixtis,

89 462 366 502 destillatione
403 459 557 499 blando
595 461 690 512 igne
728 460 946 499 drachmas
984 472 1009 511 7
1033 471 1128 499 cum
1170 471 1220 496 21
1263 456 1399 512 granis
1437 455 1542 497 aceti
1578 454 1671 508 gla-

86 527 201 567 cialis
241 539 295 574 52
333 523 538 578 graduum
574 525 765 575 obtinui,
817 523 989 575 odoris,
1044 536 1167 576 quam
1204 523 1273 573 id,
1328 521 1443 576 quod
1479 533 1532 561 ex
1569 519 1672 559 soda

84 590 246 632 acetosa
286 591 423 630 nauus
461 588 574 639 sum,
628 598 742 630 certe
784 589 982 642 purioris.
1066 587 1382 628 Detrimentum
1420 598 1524 626 vero
1560 584 1672 624 duo-

82 668 177 696 rum
216 653 474 694 fortitudinis
513 654 718 706 graduum
762 654 799 693 ei
844 652 925 693 fine
971 651 1102 693 dubio
1149 662 1281 692 terrae
1319 651 1487 692 foliatae
1526 647 1669 690 tartari

85 719 353 759 tribuendum
391 720 639 772 proprietati
676 718 756 769 est,
780 731 858 771 qua
896 716 1042 771 insigni
1080 718 1237 770 gaudet
1272 730 1368 757 cum
1407 715 1510 756 a‘e'ris
1533 726 1685 765 aquo-1

83 783 133 823 sis
170 784 386 837 particulis
423 783 644 829 affinitate3
682 782 1007 824 incommodum
1047 781 1154 831 hoc,
1201 783 1315 835 quod
1354 793 1449 821 cum
1490 777 1669 818 miscen-

80 856 150 887 tur
184 847 278 888 salia
314 848 457 888 locum
495 847 683 899 obtinet,
721 848 886 902 penitus
924 846 1016 887 tolli
1056 847 1169 887 nulla
1205 857 1291 887 arte
1328 845 1484 900 potest,
1533 840 1670 896 potest

81 920 219 952 tamen
258 913 477 964 imminui,
531 914 778 954 maturando
815 911 1109 967 operationes,
1164 912 1318 962 quibus
1354 924 1402 952 ea
1437 910 1478 949 in
1513 905 1671 963 pulue-

79 988 145 1018 res
180 977 452 1031 rediguntur,
489 977 716 1019 miscentur
750 987 792 1018 et
825 987 1008 1019 retortae
1043 976 1346 1017 immittuntur.

697 1094 910 1137 EX’PFR.
964 1094 1060 1137 XX.

269 1170 438 1214 Sachari
476 1171 667 1221 Saturni,
702 1185 808 1223 aqua
845 1170 1195 1221 crystallisationis
1232 1167 1395 1213 orbati,
1439 1165 1666 1208 drachmae

85 1246 139 1273 12
178 1248 272 1275 cum
313 1253 342 1285 4
384 1236 521 1275 tartari
566 1235 768 1274 vitriolari
805 1234 1093 1283 iupersaturati
1130 1231 1262 1272 vnciis
1300 1233 1482 1282 mixtae,
1527 1229 1667 1270 destil-

81 1296 239 1337 latione
283 1299 503 1338 drachmas
544 1310 563 1346 5
606 1298 712 1338 aceti
759 1296 945 1350 glacialis
990 1296 1084 1337 satis
1128 1297 1220 1351 puri
1267 1295 1571 1350 praebuerunt:
1625 1301 1667 1334 at

80 1361 301 1401 destillatio
340 1363 442 1402 haec
481 1375 562 1402 non
602 1361 671 1401 nisi
710 1362 955 1403 vehementi
990 1363 1087 1416 igne
1123 1360 1271 1417 perfici
1306 1360 1475 1416 potuit,
1526 1370 1666 1413 neque

81 1432 220 1465 tamen
257 1425 328 1466 nisi
365 1427 483 1467 lento
517 1428 629 1481 paffu
665 1427 874 1481 processit.

685 1540 892 1583 EXPER.
944 1540 1061 1587 XXI.

272 1614 411 1658 Calcis
458 1626 641 1658 acetatae
687 1618 912 1658 drachmae
948 1632 978 1668 4
1014 1627 1057 1658 et
1099 1617 1238 1659 tartari
1275 1615 1478 1658 vitriolati
1525 1613 1668 1668 super·-

78 1678 242 1720 saturati
279 1683 398 1722 vncia
433 1695 512 1723 vna
548 1683 766 1723 drachmas
807 1683 906 1722 duas
946 1695 1042 1722 cum
1082 1693 1136 1732 45
1177 1682 1315 1736 granis
1353 1680 1458 1721 aceti
1511 1678 1666 1732 glacia-

78 1744 129 1783 lis
167 1759 228 1793 44
262 1747 466 1799 graduum
505 1747 900 1800 suppeditauerunt5
941 1759 1046 1799 quae
1086 1748 1344 1797 methodus,
1389 1746 1490 1786 licet
1526 1743 1666 1782 minus

78 1808 285 1850 sumtuosa
322 1811 393 1861 fit,
444 1812 484 1851 id
523 1822 659 1852 tamen
698 1811 963 1851 incommodi
1003 1811 1153 1864 habet,
1207 1812 1324 1865 quod
1359 1809 1485 1850 calcis
1528 1815 1666 1847 aceta-

80 1881 143 1914 tae
178 1875 360 1926 perfecta
394 1874 560 1916 ficcatio
598 1875 718 1916 valde
754 1875 799 1915 fit
835 1875 1024 1930 operosa.

669 1989 878 2031 EXPER.
916 1989 1055 2032 XXII.

270 2063 442 2105 Florum
488 2064 633 2106 viridis
679 2068 782 2108 aeris
826 2068 947 2108 vncia
989 2069 1036 2113 15
1072 2079 1168 2108 cum
1213 2079 1243 2116 4
1278 2059 1417 2104 tartari
1461 2059 1664 2101 vitriolati

78 2127 365 2182 superstiturati
403 2130 535 2169 vnciis
593 2132 748 2172 mixtae
783 2147 810 2183 9
848 2131 1068 2174 drachmas
1105 2130 1211 2172 aceti
1247 2125 1565 2181 crystallisabilis
1602 2137 1663 2177 40

80 2198 287 2248 graduum
330 2193 713 2247 suppeditauerunt.

141 2314 261 2359 Noua
277 2317 383 2360 Acta
399 2319 529 2361 Acad.
549 2317 652 2375 Imp.
670 2317 741 2361 Sc.
759 2317 807 2360 T.
828 2316 948 2361 Vm.
1209 2316 1255 2360 V
1286 2330 1314 2359 v
1558 2312 1661 2356 EX-
