2080 2682
641 140 792 167 ==
825 123 980 181 (335)
1013 135 1166 164 ===

713 238 924 281 EXPER.
977 237 1079 281 XV.

317 320 355 361 E
410 316 601 360 mistione
651 330 684 368 4
725 318 867 360 tartari
921 316 1126 359 vitriolati
1187 314 1479 371 supersaturati
1529 314 1695 373 vnclisJ

112 395 167 424 12
204 383 340 426 Sodae
384 383 574 426 acetosae
616 391 659 423 et
706 386 763 420 16
796 382 903 424 aceti
947 382 1134 436 glacialis
1182 382 1393 423 drachmis
1444 382 1692 436 constante,

104 450 381 490 destillatione
422 460 477 498 ²4
513 447 733 487 drachmas
779 460 875 487 cum
918 460 971 486 10
1008 447 1147 500 granis
1191 446 1298 487 aceti
1343 447 1529 500 glacialis
1577 447 1691 488 obti-

104 516 192 566 nui.
261 512 482 554 Refiduum
529 513 570 551 in
614 510 834 564 supet-ficte
879 511 1047 563 album,
1091 511 1132 551 in
1171 511 1306 551 fundo
1343 523 1444 552 vero
1481 512 1693 565 nigrican-

104 584 191 619 tem
226 591 324 632 prae
361 576 399 617 se
437 577 597 617 ferebat
631 577 822 618 colorem
859 585 903 617 et
934 576 1020 617 acri
1054 575 1245 630 linguam
1281 574 1426 629 sapore
1464 576 1657 618 feriebat.

294 717 398 758 Duo
435 716 537 757 haec
573 715 758 770 pericula
794 715 887 757 satis
917 715 1009 758 sane
1046 715 1355 770 comprobant,
1391 715 1497 757 aceti
1535 714 1691 770 glacia-

98 781 151 823 lis
188 782 343 823 nullam
382 782 503 836 plane
542 781 616 821 hac
640 782 679 820 in
708 783 957 833 operatione
980 781 1201 822 vtilitatem
1230 781 1335 832 effe,
1370 791 1535 821 acetum
1572 781 1689 821 enirn

99 846 178 888 hac
216 848 377 888 ratione
414 845 637 886 obtentum
672 857 750 887 nec
789 846 989 900 qualitate
1024 859 1164 903 neque
1191 847 1319 887 etiam
1350 845 1579 900 quantitate
1615 858 1689 887 an-

99 911 298 952 tecellere
335 911 489 966 reperi.

288 1038 323 1091 §.
364 1050 434 1077 20.
519 1035 630 1078 Cum
667 1039 709 1078 in
745 1038 1051 1090 experimentis
1098 1037 1322 1090 hucusque
1358 1036 1562 1090 expositis
1598 1047 1688 1078 non

95 1101 169 1144 nifi
214 1102 424 1141 eiusmodi
469 1101 737 1141 obtinuissem
790 1114 956 1142 acetum
1012 1102 1215 1155 glaciale,
1269 1102 1387 1141 cuius
1442 1111 1555 1142 certe
1599 1114 1688 1143 non

97 1176 186 1208 erat
232 1166 390 1206 summa
436 1165 670 1213 fortitudo,
722 1166 763 1205 id
812 1169 927 1218 quod
974 1178 1041 1204 me
1088 1166 1258 1216 quidem
1295 1164 1436 1204 iudice
1481 1165 1686 1217 superstiti

98 1218 140 1267 in
179 1229 327 1267 salibus
365 1240 495 1280 aquae
532 1228 884 1278 crystallisationis
921 1227 1126 1278 debetur,
1171 1237 1259 1266 tum
1300 1239 1496 1280 quoque,
1531 1236 1577 1267 vt
1610 1240 1688 1278 exf

94 1292 338 1346 plorarem,
387 1290 562 1342 poffitne
598 1302 763 1331 acetum
803 1291 885 1332 hoc
933 1292 1086 1332 orbum
1124 1290 1248 1345 plane
1285 1291 1431 1346 aqueis
1465 1291 1684 1346 particulis

96 1369 117 1397 a
154 1355 232 1397 basi
268 1355 336 1396 sua
371 1355 542 1404 diuelli5
578 1356 806 1397 tentamina
841 1355 1056 1410 sequentia
1089 1355 1262 1397 institui.

694 1493 905 1534 EXPER.
942 1494 1069 1538 XVI.

286 1566 351 1609 Vt
394 1580 566 1609 omnem
613 1569 962 1619 crystallisationis
1007 1583 1157 1624 aquam
1195 1583 1218 1611 e
1253 1578 1410 1612 tartaro
1460 1567 1683 1610 vitriolato

94 1632 398 1687 supersuturam
433 1633 712 1686 expellerem,
748 1649 778 1684 4
813 1636 903 1674 eius
940 1635 1082 1675 vncias
1120 1635 1269 1675 fusioni
1306 1636 1348 1674 in
1384 1632 1527 1687 tigillo
1563 1633 1681 1673 debi-

94 1706 141 1737 to
176 1697 271 1750 igne
295 1696 496 1750 exposui3
535 1699 713 1737 cesi-ante
748 1699 904 1739 deinde
940 1698 1221 1750 ebullitione,
1255 1697 1311 1739 sal
1346 1698 1430 1739 hoc
1466 1698 1590 1751 super
1622 1698 1685 1739 la-

94 1761 251 1802 minam
296 1761 550 1802 metallicam
597 1761 754 1811 effudi,
807 1763 931 1816 eique
977 1763 1069 1817 post
1103 1763 1471 1816 refrigerationem
1507 1762 1549 1801 in
1585 1761 1683 1814 pul·

92 1837 238 1866 vetem
283 1825 588 1865 subtilissimum
634 1826 804 1866 redacto
852 1840 906 1865 12
945 1829 1165 1868 drachmas
1210 1827 1332 1866 sodae
1378 1824 1567 1865 acetosae
1601 1824 1681 1864 fic-

94 1889 271 1930 ciffimae
307 1889 522 1928 admiscui.
606 1888 643 1928 E
688 1894 864 1942 puluere
901 1891 984 1932 hoc
1022 1906 1049 1946 7
1086 1890 1308 1933 drachmas
1343 1890 1450 1931 aceti
1485 1887 1677 1943 glacialis

94 1965 147 2005 51
188 1953 396 2007 graduum
433 1952 710 1994 destillatione
745 1957 960 2011 euocaui„

284 2080 458 2122 Etiamsi
493 2082 577 2122 hoc
613 2082 653 2123 in
691 2086 919 2127 tentamine
961 2095 1127 2127 acetum
1172 2086 1379 2129 maiorem
1417 2095 1543 2138 quam
1578 2091 1674 2126 ante

92 2145 364 2187 consecutum
402 2146 456 2185 est
492 2147 812 2189 fortitudinem:
865 2152 1096 2192 methodus
1142 2161 1283 2192 tamen
1319 2152 1405 2205 ipsa
1436 2150 1550 2190 votis
1586 2160 1674 2189 non

88 2212 212 2270 plane
247 2211 483 2254 satisfacere
518 2212 626 2255 mihi
661 2212 910 2271 videbatur,
959 2216 1309 2273 quandoquidem
1343 2225 1520 2258 tartarus
1555 2214 1676 2252 vitri-

1530 2279 1671 2321 clatus
