2080 2682
882 114 1426 172 ====(320)===

355 291 357 293 Ι
547 232 585 287 ᾗ.
635 228 679 281 ςζ
762 229 1100 275 Tentaminibus
1145 234 1332 275 indubiis
1379 232 1486 274 infra
1532 232 1802 287 exponendis
1843 241 1964 275 cetto

356 296 512 341 'certius
551 307 823 350 compertum
862 298 1030 351 habeo,
1084 310 1252 340 acetum
1289 301 1465 354 glaciale
1501 311 1610 351 aqua
1655 297 1962 350 crystallisatio-

353 365 418 406 nis
455 364 571 405 nulla
607 368 721 417 pose
758 372 847 404 arte
883 366 1054 417 prorsus
1103 365 1273 417 priuati.
1361 364 1505 419 Quam
1543 368 1731 418 primum
1769 363 1883 403 enim
1919 376 1964 404 a·

353 439 498 469 cetum
545 427 721 483 glaciale
767 428 818 469 ad
861 429 999 478 54⁷³“m
1043 429 1306 469 fortitudinis
1352 431 1532 481 gradum
1576 428 1829 483 perduemm
1874 426 1961 476 est;

349 493 378 536 fi
430 507 565 548 aquae
611 493 967 548 ciystallisationis
1024 493 1234 535 maiorem
1289 493 1427 535 adhuc
1473 496 1641 548 copiam
1688 493 1730 534 ei
1775 492 1966 534 adimere

352 560 488 611 velis,
524 571 631 600 aceti
669 561 840 601 acinum
877 571 932 601 ex
968 571 1087 612 parte
1122 559 1164 599 iu
1200 558 1307 600 aeris
1346 559 1531 600 formam
1568 559 1766 609 soluitur,
1802 558 1885 609 ita,
1920 565 1967 598 vt

355 626 568 666 fortitudo
614 625 739 678 ipsius
788 624 896 666 vltra
940 624 1100 666 dietum
1147 626 1326 678 gradum
1374 624 1491 665 nulla
1532 623 1764 665 encheirefi
1820 621 1967 677 angeri

356 700 506 746 que-„m
561 691 682 732 cuius
720 690 778 731 rei
817 690 975 742 caussa,
1021 703 1089 731 me
1130 690 1305 743 quidem
1340 689 1510 740 iudice,
1568 701 1627 729 ex
1661 688 1966 743 particularum

351 757 576 811 ignearum
616 756 776 797 summa
814 758 927 796 inter
964 754 1002 795 se
1039 755 1460 810 appropinquatione
1498 755 1731 808 repetenda
1766 753 1966 804 videtur,

353 827 469 863 vnde
507 834 682 876 quoque
721 820 1015 872 crystallorum
1058 822 1165 862 aceti
1213 819 1415 861 facillima
1452 819 1729 877 liquescentia
1766 816 1971 870 intelligi-

355 896 447 936 tur3
500 902 522 928 a
560 900 641 939 qua
679 886 885 927 sententia
922 898 1016 927 mea
1052 899 1139 926 non
1177 885 1343 927 diffidet
1382 885 1454 939 id,
1506 884 1623 939 quod
1669 884 1968 924 chemicorum

355 952 589 1008 peritiffimi
630 965 713 992 vno
750 964 827 992 ore
863 951 946 992 iam
983 952 1148 992 dudum
1184 950 1475 1003 affirmabant,
1518 961 1683 991 acetum
1730 962 1828 1003 prae
1871 959 1971 988 om·

357 1018 483 1058 nibus
521 1017 674 1057 ceteris
712 1017 841 1056 ncitiiae
878 1015 1130 1068 vegetabilis
1177 1017 1396 1073 prosapiae
1441 1017 1616 1072 largiori
1660 1012 1969 1072 particularum

358 1082 583 1138 ignearum
620 1081 746 1137 copia
780 1081 1021 1137 praeditum
1059 1082 1156 1122 effe.

555 1211 591 1265 ᾗ.
642 1214 685 1251 6.
771 1210 820 1252 In
865 1210 998 1265 priori
1037 1223 1129 1252 mea
1167 1211 1218 1251 de
1257 1209 1602 1261 crystallisatione
1639 1207 1746 1249 aceti
1785 1205 1970 1247 disserta-

359 1277 479 1321 tione
517 1277 572 1318 ita
611 1275 737 1326 senii,
775 1286 843 1327 vt.,
881 1287 1048 1317 acetum
1087 1274 1400 1326 crystallisabile
1444 1286 1501 1314 ex
1545 1273 1631 1312 sola
1667 1272 1775 1312 aceti
1813 1271 1971 1322 frigore

361 1342 628 1387 concentrati
667 1340 971 1382 testificatione
1009 1341 1132 1395 super
1168 1341 1404 1382 carbonum
1441 1338 1619 1393 pulvere
1658 1336 1870 1389 originem
1908 1347 1974 1375 re·

361 1421 536 1466 petere,
581 1415 802 1462 putarem,
856 1407 1181 1461 carbonumque
1217 1419 1302 1446 nou
1338 1406 1420 1445 effe
1464 1403 1504 1443 in
1553 1403 1637 1444 hoc
1675 1400 1855 1455 negotio
1899 1399 1972 1440 nisi

362 1488 455 1517 eam
502 1475 616 1525 vim,
670 1482 713 1512 vt
757 1472 1016 1526 superstitem
1065 1471 1105 1512 in
1151 1470 1235 1511 fine
1284 1468 1579 1511 destillationis
1625 1468 1667 1509 in
1715 1463 1974 1508 carbonibus

364 1540 473 1582 aceti
521 1537 727 1580 fortissimi
782 1548 945 1591 partem
993 1551 1013 1578 a
1059 1536 1242 1590 copiofis
1300 1535 1518 1589 particulis
1563 1532 1978 1587 empyreumatico-

365 1605 521 1648 oleofis
561 1607 832 1657 depurarent.
905 1602 1106 1642 Institutis
1144 1614 1249 1641 vero
1287 1600 1430 1655 postea
1467 1599 1694 1655 permultis
1732 1596 1978 1638 tentamini-

364 1670 471 1719 bus,
527 1669 733 1709 carbones
779 1680 834 1707 cx
878 1668 956 1707 alia
1004 1671 1132 1706 etium
1180 1675 1297 1719 parte
1343 1664 1591 1715 symbolum
1638 1665 1757 1705 snum
1803 1663 1851 1703 ad
1891 1661 1976 1703 hoc

365 1733 590 1788 negotium
640 1732 871 1782 conferre,
916 1732 1092 1771 edoc‘tus
1148 1730 1251 1770 sum.
1354 1728 1400 1768 ln
1441 1728 1699 1770 carbonibus
1738 1728 1939 1769 nimirum
1965 1755 1978 1779 ‚

364 1809 534 1855 praeter
572 1796 1065 1850 dcphlogisticatricem„
1100 1795 1224 1837 aliam
1262 1794 1403 1835 adhuc
1440 1796 1526 1835 vim
1564 1793 1815 1848 singularem
1854 1805 1978 1845 repe·

363 1866 425 1918 ri,
465 1876 546 1919 qua
581 1862 790 1911 efficitur,
829 1871 873 1901 vt
910 1862 1144 1902 carbonum
1182 1860 1349 1914 puluis,
1386 1859 1429 1899 in
1468 1872 1720 1914 quacunque
1758 1859 1864 1899 aceti
1904 1856 1977 1897 fri-

365 1944 470 1985 gore
516 1928 780 1969 conceutrati
828 1925 949 1980 super
992 1939 1090 1967 eum
1138 1924 1442 1966 rectificatione
1488 1925 1791 1979 particularum
1836 1924 1978 1964 acidu-

366 2008 464 2038 rum
502 2003 660 2035 certam
698 2003 740 2033 et
785 1992 1109 2033 determinatam
1150 1990 1427 2042 quantitatem
1466 1990 1508 2031 iu
1547 1991 1585 2031 se
1623 1989 1826 2044 recipiat,
1864 1989 1976 2028 eius·

371 2073 454 2119 que
501 2060 556 2100 ita
602 2069 730 2099 tenax
775 2057 846 2107 fit,
901 2067 945 2099 vt
991 2070 1074 2097 non
1123 2056 1193 2096 nifi
1239 2055 1410 2105 calore„
1464 2069 1518 2096 eo
1565 2055 1770 2096 feruentis
1815 2063 1972 2106 aquae,

371 2127 500 2180 longe
539 2122 856 2166 vehementiori
899 2121 972 2165 sub
1019 2123 1126 2165 aceti
1171 2120 1495 2175 crystalrii'abilis
1542 2120 1681 2162 forma
1717 2132 1771 2161 ex
1807 2130 1860 2158 co
1900 2127 1974 2155 ex-

372 2191 472 2244 pelli
515 2189 681 2246 poffmt.

1854 2305 1890 2359 §·
1929 2318 1971 2357 7.
