2080 2682
890 125 1430 182 ····-(s60)-·-

350 242 493 283 taimen
529 239 682 281 itinere
720 241 916 296 superato
953 243 1108 284 iterum
1146 243 1396 294 fleRuntur,
1450 250 1494 283 et
1529 242 1571 282 in
1609 240 1781 282 du&um
1819 242 1960 285 denuo

347 308 556 358 redeunt,
599 308 841 347 transuerso
878 310 1189 363 propinquum.
1226 312 1273 361 a)
1332 307 1401 349 Sic
1437 309 1478 348 in
1517 308 1633 349 striae
1671 316 1833 361 partem
1871 321 1961 349 me-

351 372 461 411 diam
499 380 543 411 et
578 370 621 411 in
659 371 846 426 aliquam
883 371 1112 427 superioris
1149 375 1276 428 partis
1317 374 1565 426 portionem
1602 373 1856 413 inseruntur.
1908 372 1959 426 b)

347 436 438 477 Vbi
475 438 662 490 primum
701 437 825 491 super
860 440 1100 492 marginem
1136 437 1364 479 ventriculi
1403 439 1641 489 transeunt,
1696 438 1737 477 in
1783 436 1963 478 inferio·

344 501 470 554 rique
518 500 741 556 superficie
786 513 1023 557 apparent,
1077 503 1120 543 in
1159 505 1262 544 duas
1300 503 1523 557 portiones
1571 502 1752 553 diuisae,
1797 502 1839 541 in
1877 502 1964 542 hoc

352 566 530 620 quidem
568 569 719 619 corde,
755 569 1138 622 progrediuuntur.
1205 567 1482 622 Earumque,
1521 581 1628 623 quae
1665 567 1847 622 propior
1882 566 1965 607 basi

348 631 603 685 ventriculi,
656 632 775 687 prior
808 633 955 687 portio
992 636 1033 688 c)
1086 635 1129 674 in
1168 633 1435 686 superiorem
1474 633 1576 688 septi
1612 643 1776 686 partem
1816 631 1965 673 inseri-

347 706 431 737 tur.
469 697 525 748 d)
594 697 770 750 Altera,
824 699 1032 750 secunda,
1078 700 1119 752 e)
1173 698 1359 739 mediam
1407 699 1520 752 fere,
1572 698 1683 739 haud
1729 707 1865 738 totam
1903 705 1963 738 ta-

347 774 475 814 nien7
529 761 633 817 septi
680 773 844 816 partem
890 763 960 804 sua
1004 763 1235 805 insertione
1272 773 1471 818 occupat.
1513 760 1569 817 f)
1655 761 1883 804 Distine'tae
1918 761 1963 802 in

347 826 434 868 hoc
471 828 602 868 corde
648 828 872 881 portiones
918 827 1012 869 sunt
1056 828 1254 884 singulari
1292 830 1453 881 modo,
1509 828 1611 869 dum
1649 827 1831 869 funiculi
1869 825 1962 881 qui·

349 893 445 933 dam
491 893 564 933 sub
610 892 714 934 alios
762 893 802 934 se
847 893 1076 948 recipiunt.
1180 893 1300 935 Dum
1356 893 1537 936 funiculi
1590 905 1666 947 per
1710 893 1964 934 inferiorem

348 957 578 998 ventriculi
623 958 892 1012 superficiem
929 959 1073 1000 versus
1120 959 1262 1000 sedem
1300 959 1412 1001 suam
1450 958 1702 999 insertionis
1736 957 1964 1013 progredi·

350 1032 503 1069 untur,-
557 1022 718 1075 primae
763 1024 894 1064 fibrae
940 1025 1104 1064 ordinis
1143 1026 1357 1078 sequentis
1394 1024 1467 1065 sub
1504 1033 1751 1065 extremum
1794 1022 1965 1064 funicu-

351 1086 440 1126 lum
481 1085 518 1126 se
555 1086 794 1139 recipiunt,
832 1089 882 1140 g)
938 1087 1009 1127 hic
1046 1088 1131 1140 ipse
1169 1101 1300 1140 porro
1340 1089 1556 1128 funiculus
1592 1088 1632 1127 se
1668 1088 1742 1128 sub
1788 1100 1971 1141 praece·

351 1151 525 1189 dentem
563 1150 638 1189 fibi
675 1151 851 1202 recipit,
888 1148 936 1202 h)
973 1160 1016 1190 et
1051 1151 1122 1190 iste
1158 1163 1290 1203 porro
1327 1150 1399 1191 sub
1429 1163 1555 1200 eum,
1594 1151 1667 1204 qui
1704 1151 1807 1191 huic
1842 1163 1965 1204 prae-

354 1214 538 1254 cefferat.
592 1213 636 1266 i)
725 1213 830 1254 Non
884 1214 1009 1267 plane
1054 1213 1247 1253 constans
1293 1215 1467 1266 quidem
1513 1215 1619 1253 haec
1663 1224 1964 1255 extremorum

355 1277 648 1319 funiculorum
693 1278 888 1319 conditio
934 1277 1014 1330 est,
1066 1277 1136 1318 sed
1181 1289 1321 1330 neque
1366 1276 1416 1318 ad
1463 1276 1736 1317 indiuiduum
1788 1289 1963 1332 quoque

354 1356 512 1397 corpus
550 1352 714 1384 tantum
752 1344 964 1398 pertinet,
1019 1355 1117 1383 cum
1155 1342 1334 1384 similem
1372 1341 1668 1383 funiculorum
1713 1341 1967 1383 submersio·

355 1422 453 1449 nem
498 1408 539 1449 in
587 1408 676 1449 aliis
716 1422 891 1464 quoque
936 1408 1139 1450 cordibus
1183 1409 1266 1450 iam
1304 1406 1637 1449 obseruauerim.
1723 1406 1964 1462 Vtriusque

354 1474 565 1529 portionis
605 1474 812 1526 funiculi,
847 1474 919 1514 vbi
956 1474 1137 1528 propius
1174 1474 1225 1515 ad
1263 1473 1399 1514 striam
1437 1473 1671 1524 accedunt,
1723 1471 1768 1514 in
1803 1472 1967 1529 simpli·

356 1552 425 1581 ces
462 1539 587 1581 fibras
623 1538 920 1593 resoluuntur,
956 1539 1097 1594 iisque
1133 1539 1176 1581 in
1213 1539 1351 1582 striam
1387 1538 1427 1581 se
1463 1539 1667 1581 inserunt.
1705 1537 1766 1593 k).

1843 1633 1964 1675 Com-

405 1788 441 1828 a)
473 1787 560 1822 Tab.
589 1789 647 1824 IX.
675 1800 704 1822 z.
732 1801 764 1834 y.
792 1800 821 1830 3.

404 1851 439 1889 h>
469 1853 556 1889 Tab.
586 1853 644 1888 IX.
673 1864 697 1897 5,
726 1865 754 1900 q.
783 1865 810 1887 2.
838 1863 867 1894 3.

405 1925 421 1948 c
475 1913 563 1948 Tab.
592 1915 645 1948 lx.
675 1926 705 1961 p.
736 1925 767 1960 q.
798 1926 824 1948 r.
852 1926 876 1948 s.
905 1921 926 1949 t.
953 1924 986 1949 v.

404 1969 445 2013 d)
480 1971 564 2005 Tab.
597 1973 652 2005 IX.
683 1984 711 2017 5.
739 1984 773 2019 q.

405 2031 438 2070 e)
470 2029 559 2064 Tab.
588 2031 642 2065 IX.
671 2042 715 2064 w.
746 2043 777 2064 x.
807 2041 831 2065 1.
858 2042 888 2066 2.
914 2042 939 2073 3.

402 2085 443 2131 s)
475 2088 561 2129 Tui),
590 2090 646 2123 lx.
679 2100 708 2123 1.
739 2100 767 2124 2.
797 2098 825 2130 3.

406 2151 449 2192 ἔξ)
475 2147 548 2182 Tab
590 2150 643 2184 IX.
675 2161 705 2182 x·
733 2160 764 2183 z·

406 2207 442 2240 [1¹
470 2206 553 2241 Tab.
585 2207 637 2241 IX.
665 2219 694 2241 z.

404 2265 435 2295 i·
467 2262 558 2300 Tab.
586 2265 637 2301 lx.
666 2277 697 2308 y.

406 2319 438 2366 k)
470 2321 554 2356 Tab.
586 2324 641 2359 IX.
671 2335 692 2358 s.
722 2335 752 2372 q.
784 2335 806 2358 1.
836 2336 862 2359 2.
891 2335 921 2372 3.
