2080 2682
873 128 1029 157 —-
1062 127 1217 185 (340)
1249 143 1404 158 ·····

338 247 467 291 tionis
505 246 594 288 fere
632 244 835 299 punctum
872 246 1055 298 redaffi,
1113 247 1341 296 admiscui3
1394 243 1465 288 vbi
1505 242 1680 300 quidem
1715 241 1759 285 id
1795 255 1944 290 notatu

341 317 519 368 dignum
559 311 663 352 mihi
701 310 835 351 visum
871 311 952 364 est,
1000 313 1118 366 quod
1157 313 1379 353 mixtionis
1418 323 1614 366 tempore
1651 309 1824 364 infiguis
1861 325 1948 354 ma-

340 380 470 420 teriae
507 377 625 418 calor
660 376 782 430 isque
822 375 905 417 fine
944 377 1028 418 vlla
1063 378 1173 418 aceti
1209 377 1484 431 expuffione,
1520 377 1777 418 exoriretur.
1846 376 1952 418 Pos-

340 454 432 495 tea,
490 442 684 484 mistione
729 442 806 482 hac
854 441 1126 483 destillationi
1179 442 1399 494 submiffa,
1453 443 1621 484 vnciam
1666 454 1793 483 vnam
1845 441 1952 483 aceti

343 508 496 551 debilis
533 507 658 550 valde
696 507 1053 562 empyreumatici
1089 516 1133 548 et
1170 506 1273 548 susci
1309 507 1471 550 coloris
1508 508 1712 550 assecutus
1749 505 1855 548 sum.

537 616 724 660 Cremor
760 630 865 671 ergo
904 619 1045 660 tartari
1082 619 1342 674 acidumque
1380 619 1471 660 eius
1510 631 1690 673 purum,
1736 630 1871 666 aeque
1907 628 1956 660 ac

345 685 544 739 alumen,
579 684 686 727 aceti
723 684 912 738 glacialis
952 684 1204 740 separationi
1241 684 1443 727 inseruire
1487 684 1612 740 plane
1650 697 1736 726 non
1771 685 1955 740 poil‘unt.

927 813 1143 857 EXPER.
1188 815 1375 858 XXXII.

545 879 687 922 Sodae
733 879 925 921 acetosae
971 881 1071 934 igue
1118 882 1305 936 liquatae
1351 881 1579 924 drachmae
1621 893 1677 920 12
1715 892 1812 922 cum
1849 890 1963 920 mer-

351 945 461 988 curii
514 945 729 987 sublimati
784 946 990 987 corrosiui
1045 948 1182 988 vnciis
1237 948 1371 989 tribus
1419 948 1671 989 exactissime
1717 945 1876 987 mixtae
1920 951 1964 986 et

353 1012 626 1052 destillationi
672 1011 772 1064 igne
818 1011 1030 1051 mediocri
1074 1012 1280 1054 subiectae
1327 1014 1548 1053 drachmas
1590 1027 1613 1062 3
1654 1023 1698 1053 ct
1740 1024 1867 1065 grana
1902 1021 1963 1062 40

354 1077 463 1117 aceti
510 1074 699 1128 glacialis
748 1085 809 1123 54
852 1076 1088 1127 graduum,
1142 1076 1313 1128 limpidi
1369 1078 1541 1128 quidem
1591 1078 1680 1116 eius
1727 1076 1796 1116 sed
1840 1074 1963 1116 valde

354 1139 508 1193 ingrati
545 1139 694 1178 odoris
730 1137 1082 1192 suppeditabant,
1128 1139 1274 1193 quod,
1310 1148 1355 1180 vt
1391 1138 1672 1193 liquesceret,
1708 1139 1964 1193 temperiem

361 1216 450 1256 127
487 1203 698 1258 graduum
733 1200 986 1255 postulabat.

555 1315 739 1360 Obtenti
775 1317 861 1359 hoc
897 1317 1033 1358 modo
1070 1317 1179 1359 aceti
1217 1330 1303 1359 non
1340 1315 1550 1371 quantitas
1588 1325 1753 1359 tantum
1789 1312 1972 1372 exigua3

359 1383 432 1426 sed
471 1382 622 1424 residui
659 1384 786 1425 etiam
824 1382 1115 1438 puluerulenti
1154 1382 1280 1424 color
1317 1383 1437 1437 niger
1463 1383 1747 1437 eiusdemque
1783 1384 1824 1424 in
1863 1395 1971 1436 aqua

362 1450 528 1491 feruida
565 1449 749 1502 solutio,
802 1461 909 1502 quae
957 1460 1125 1502 praeter
1160 1448 1250 1490 salis
1289 1448 1533 1490 communis
1571 1447 1762 1503 saporem
1800 1449 1971 1501 linguae

361 1515 471 1557 nihil
507 1516 676 1569 prorsus
718 1513 919 1555 metallici
957 1514 1189 1567 indicauit,
1248 1514 1339 1555 satis
1378 1513 1691 1567 comprobant,
1736 1514 1973 1555 adhibitam

364 1581 567 1622 mercurii
613 1580 826 1621 sublimati
871 1580 1153 1633 quantitatem
1198 1580 1411 1635 perfeetae
1455 1579 1564 1622 aceti
1608 1579 1847 1635 expulsioni
1884 1590 1973 1621 non

366 1645 585 1688 suffecisse.

565 1754 635 1797 Ex
672 1755 872 1796 omnibus
911 1755 1031 1815 hisce
1059 1756 1368 1810 experimentis
1407 1770 1427 1798 a
1464 1756 1731 1812 paragrapho
1766 1747 1978 1797 16¹⁰huc-

370 1834 507 1876 Vsque
545 1821 775 1874 expositis,
814 1821 1081 1862 manifestum
1118 1822 1198 1873 est,
1236 1822 1353 1863 alcali
1391 1822 1632 1876 vegetabile
1670 1822 1793 1862 acido
1830 1820 1979 1861 vitrio-

373 1888 460 1928 lico
498 1887 877 1940 superstituratum,
920 1897 963 1926 et
1001 1892 1258 1928 mercurium
1298 1887 1596 1937 sublimatum,
1652 1896 1772 1928 aceto
1810 1884 1978 1941 glaciali

374 1967 396 1994 a
424 1952 502 1993 basi
541 1951 609 1992 sua
648 1951 877 2006 separando
902 1965 1026 2005 quam
1051 1953 1213 2005 optime
1252 1952 1466 1994 inseruire.
1539 1952 1794 2003 Caeterum,
1839 1951 1978 2005 quod-

374 2031 470 2058 nam
511 2018 694 2058 duorum
741 2018 895 2057 horum
942 2017 1213 2058 laudatorum
1259 2018 1533 2073 separationis
1578 2019 1823 2059 mediorum
1861 2013 1978 2057 alteri

375 2083 561 2139 palmam
597 2083 848 2137 praeripiat,
887 2095 963 2137 per
1001 2082 1038 2123 se
1075 2092 1205 2137 patet.

573 2199 610 2255 ξ.
653 2214 721 2251 23.
789 2202 877 2243 Etsi
914 2202 1108 2255 nullum,
1144 2212 1191 2244 vt
1226 2204 1366 2257 aiunt,
1402 2217 1487 2246 non
1526 2205 1645 2246 moui
1691 2204 1899 2259 lapidem,
1933 2207 1979 2239 Vt

382 2265 504 2308 acido
549 2268 655 2309 aceti
701 2268 914 2310 summum
959 2269 1222 2312 fortitudinis
1265 2270 1444 2325 gradum
1479 2271 1784 2313 conciliarem.-
1836 2276 1977 2306 tamen

1871 2327 1978 2370 vltra
