2080 2682
646 160 796 171 —n——-..

645 128 1185 187 ——(231)..-...

121 244 289 290 terstitia
324 245 371 300 α)
408 244 665 302 producunt.
752 245 973 288 Inter-stitia
1018 246 1135 288 fibris
1180 246 1251 288 seu
1293 243 1404 288 tubis
1441 252 1512 288 aut
1545 246 1709 301 vaginis

119 325 264 355 earum
318 312 446 366 ipsis,
499 311 566 352 fila
610 310 811 352 fibrarum
848 311 1074 353 interstitiis
1113 311 1386 366 respondent.
1473 311 1516 354 Si
1562 321 1709 354 contra

118 379 168 419 ad
205 377 470 418 latitudinem
507 375 706 417 fibrarum
753 377 928 417 musculi
976 377 1062 417 duo
1100 390 1120 418 a
1158 376 1196 417 se
1232 387 1383 418 mutuo
1420 376 1708 430 diuelluntur.,

124 441 486 495 quemadmodum
539 441 692 481 fac‘tum
738 441 794 481 est
838 442 879 480 in
934 442 1239 494 experimentis
1286 442 1578 482 dissertationis
1623 442 1710 495 pri-

117 519 238 557 mae,
276 518 403 546 vnum
441 506 692 545 continuum
730 507 920 559 septum,
957 518 1012 546 ex
1048 505 1247 547 cellulosa
1282 505 1500 547 substantia
1536 506 1707 559 factum,

113 571 224 612 inter
259 568 470 610 musculos
513 569 793 621 descendens,
830 571 1008 623 eiusque
1055 571 1249 612 craffities
1289 571 1488 624 quidem,
1524 571 1705 624 proinde

118 635 204 676 sola
240 634 461 675 vniformis
512 634 752 685 substantia,
805 633 1056 675 distrahi—tur.
1134 634 1252 675 Haec
1297 635 1438 687 primo
1484 636 1706 689 aequalem

112 698 375 752 superficiem
417 699 612 739 musculis
652 699 846 740 distractis
884 698 1011 738 offert
1063 697 1196 750 (Diff.
1234 699 1265 738 I.
1301 698 1374 751 fig.
1417 712 1456 738 1.
1498 702 1588 753 2,),
1632 701 1706 741 de-

112 762 211 804 inde
249 764 450 806 tractione
486 764 728 806 continuata
763 763 804 804 in
842 763 910 804 fila
946 763 1191 804 extenditur
1226 762 1358 816 (Diff.
1380 763 1411 803 I.
1449 762 1521 818 fig.
1544 772 1594 813 ·3.
1623 765 1704 820 4.).

308 892 429 946 Ergo
466 901 507 933 et
542 892 645 933 haec
689 892 781 944 fila,
833 891 1003 945 vestigia
1037 890 1283 944 vaginarum
1320 890 1568 948 latentium,
1620 892 1706 934 dis-

111 955 342 1010 tinguenda
377 972 398 998 a
442 957 522 997 filis
569 957 745 1010 pariter,
800 970 905 1010 quae
950 955 1138 1008 simplice
1184 955 1412 996 cellulosae
1457 956 1703 997 extenfione

113 1022 331 1070 oriuntur,
384 1031 508 1072 atque
545 1021 593 1060 ab
630 1021 738 1071 illis,
797 1034 901 1072 quae
946 1020 1110 1059 solitam
1159 1019 1447 1058 musculorum
1485 1033 1706 1072 praepara·

110 1086 274 1126 tionem
321 1086 601 1133 comitantur,
658 1095 848 1137 quaeque
896 1083 1082 1122 dissectae
1119 1081 1317 1123 fibrarum
1355 1084 1529 1136 vaginae
1567 1085 1706 1124 osten-

108 1150 238 1196 dunt,
274 1147 581 1200 phaenomenis
619 1147 701 1187 iliis
741 1148 1053 1188 adnumeranda
1091 1148 1206 1198 sunt,
1245 1146 1395 1199 quibus
1434 1148 1585 1201 opinio
1619 1148 1707 1189 cel-

108 1211 265 1254 lutosae
305 1212 411 1252 telae
448 1212 626 1265 produci
665 1221 707 1251 et
745 1212 881 1250 foueri
919 1211 1073 1263 potuit.
1145 1209 1293 1262 Atque
1329 1210 1355 1250 fi
1392 1210 1440 1250 ad
1479 1213 1612 1252 varias
1649 1212 1702 1252 il-

110 1278 169 1318 las
206 1274 430 1328 particulas
470 1275 663 1328 respicis,
719 1288 817 1328 quas
856 1273 1089 1326 glutinosa,
1148 1286 1271 1327 quam
1311 1274 1556 1315 cellulosam
1595 1275 1703 1317 dici-

107 1354 228 1389 mus⁸>
282 1337 524 1389 substantia,
570 1341 670 1378 dum
708 1339 820 1379 varie
858 1340 1074 1390 tractatur,
1126 1338 1327 1391 effingere
1363 1339 1522 1392 potest,
1576 1342 1701 1393 quin-

110 1419 191 1459 que
229 1416 373 1442 earum
409 1402 567 1457 species
606 1402 722 1455 sunt,
759 1416 860 1456 quas
899 1404 1095 1444 hac'tenus
1135 1403 1345 1451 vidimus;
1390 1402 1459 1444 fila
1497 1404 1699 1446 nimirum

107 1467 353 1511 extensione
397 1468 623 1520 produc'ta;
678 1468 829 1508 deinde
876 1468 1004 1521 haec,
1061 1481 1166 1522 quae
1209 1468 1411 1509 sediiones
1451 1469 1699 1522 vaginarum

106 1534 308 1576 fibrarum
347 1532 644 1572 muscularium
683 1533 958 1573 mentiuntur.
1029 1530 1176 1574 Ambo
1216 1532 1543 1587 frequentissima
1579 1533 1696 1583 sunt;

104 1599 179 1641 illa
223 1595 475 1649 singularum
527 1597 708 1649 partium
755 1597 948 1651 corporis
996 1598 1319 1648 euolutionem,
1372 1598 1475 1638 haec
1521 1611 1697 1639 omnem

103 1660 467 1718 praeparationem
523 1660 847 1712 musculorum,
903 1661 1172 1702 comitantur.
1266 1661 1468 1701 Tertium
1522 1662 1697 1704 filorum

106 1738 239 1782 genus
262 1724 429 1778 vestigia
467 1727 557 1765 sunt
593 1726 838 1778 vaginarum
875 1725 1095 1767 latentium
1134 1725 1333 1767 fibrarum
1378 1727 1693 1768 muscularium.

105 1792 224 1833 Haec
262 1790 435 1842 quidem
472 1789 540 1830 fila
577 1791 771 1831 omnium
815 1789 1010 1833 rarissime
1057 1792 1284 1845 apparuisse
1323 1791 1542 1842 videntur,
1597 1804 1695 1831 cum

106 1865 255 1897 contra
293 1855 544 1894 methodum
582 1866 625 1895 ac
663 1855 777 1908 leges
816 1854 978 1897 secandi
1016 1855 1085 1906 fit,
1131 1854 1272 1908 digitis
1309 1854 1539 1906 prehensos
1579 1867 1697 1895 mus·

109 1919 229 1961 culos
273 1931 292 1958 a
338 1918 375 1958 se
423 1929 570 1958 mutuo
617 1919 833 1960 diuellere.
921 1921 999 1961 His
1052 1919 1184 1959 tribus
1239 1918 1409 1958 filorum
1463 1919 1692 1971 generibus

105 1984 301 2025 structura
338 1982 663 2034 frequentiiiima
701 1983 923 2025 cellulosae
962 1983 1227 2033 substantiae,
1282 1982 1392 2022 filata
1436 1982 1595 2022 scilicet
1630 1983 1695 2023 ef-

108 2048 294 2103 fingitur.
380 2046 579 2101 Denique
616 2046 752 2087 bullae
789 2061 955 2101 aereae,
1006 2047 1277 2089 vesicularem
1315 2045 1567 2087 exhibentes
1607 2045 1693 2087 cel-

1530 2110 1690 2152 lutosae

154 2242 175 2266 a
221 2231 254 2265 Fi
283 2259 288 2265 .
317 2241 332 2271 3
376 2228 406 2264 d.
435 2228 465 2268 d,
493 2228 525 2266 d.

169 2230 289 2348 glouga
306 2305 411 2346 Acta
427 2305 556 2347 Acad.
578 2302 680 2359 Imp.
699 2302 769 2346 Sc.
787 2301 834 2345 T.
857 2301 976 2345 Vm.
1247 2303 1290 2345 N
1325 2316 1353 2345 n
