2080 2682
631 153 782 168 --·
814 136 966 193 (323)
999 153 1150 167 -·-

292 255 428 297 nenda
483 267 506 295 e
557 252 726 307 singulis
789 252 1137 294 destillationibus
1201 253 1309 296 aceti
1364 254 1683 306 crystallisabilis

294 321 498 374 quantitas
544 317 754 370 impensae
797 318 986 373 pulueris
1032 320 1265 361 carbonum
1312 322 1530 375 quantitati
1582 335 1685 378 pro-

289 382 540 438 portionalis
575 381 636 422 fit.

99 474 148 530 d)
199 473 326 517 Aceti
372 471 495 513 huius
541 470 856 524 crystallisabilis
903 471 1113 513 fortitudo
1161 476 1222 523 36
1263 474 1333 516 vel
1368 487 1427 526 40
1472 475 1681 529 graduum

284 538 361 579 effe
397 536 519 577 solet.

97 625 143 680 e)
194 627 402 668 Minimus
449 626 619 680 frigoris
663 626 842 680 gradus,
897 639 982 680 quo
1028 636 1192 667 acetum
1238 627 1324 668 hoc
1377 630 1683 682 crystallisabile

291 691 358 732 sua
394 692 541 745 sponte
587 692 626 731 in
673 690 886 742 crystallos
925 691 1012 730 coit
1052 693 1206 743 173⁷⁷²u5
1242 692 1384 733 Scalae
1422 694 1681 737 Delislianae

289 756 367 803 est;
414 766 454 796 at
499 755 607 797 infra
643 756 769 796 talem
813 754 1054 795 monstrabo
1101 757 1386 809 encheit‘cfin,
1443 760 1559 799 cuius
1597 773 1679 813 ope

289 820 572 871 crystallisatio
602 820 794 860 eiusdem
831 820 988 873 frigore
1024 819 1156 873 longe
1193 821 1392 862 debiliori
1428 823 1540 864 effici
1578 837 1681 878 que-

288 896 343 924 at.

96 966 140 1019 f)
177 967 224 1008 In
259 966 397 1021 prima
433 965 554 1019 super
588 966 821 1008 carbonum
859 966 1036 1020 puluere
1073 965 1350 1007 destillatione
1388 978 1553 1010 acetum
1591 984 1687 1021 cry..

288 1030 521 1070 stallisabile
557 1031 668 1071 flavo
706 1030 842 1069 transit
880 1030 1050 1075 colore3
1088 1042 1141 1069 ex
1178 1030 1377 1070 omnibus
1406 1045 1509 1073 vero
1547 1035 1687 1075 destil-

282 1092 513 1134 lationibus
560 1093 832 1146 sequentibus
877 1095 1000 1146 super
1044 1093 1198 1133 eodem
1234 1093 1467 1137 carbonum
1504 1098 1684 1151 puluere

282 1169 416 1211 aquae
453 1156 575 1198 instar
607 1157 916 1210 limpidiffimus
954 1156 1098 1208 liquor
1134 1157 1203 1195 est.

95 1241 143 1296 g)
179 1242 250 1283 Ex
285 1252 406 1282 aceto
442 1240 740 1291 crystallis-abili
779 1240 1042 1281 fortitudinis
1075 1250 1130 1289 38
1163 1244 1367 1295 graduum
1406 1245 1565 1298 frigore
1594 1257 1678 1298 183

287 1305 521 1358 graduum,
556 1313 724 1344 acetum
761 1304 935 1358 glaciale
973 1316 1033 1356 54
1067 1308 1272 1359 graduum
1311 1308 1476 1349 obtinui
1510 1320 1553 1352 et
1587 1325 1682 1353 mu-

288 1368 394 1409 riam
447 1368 498 1409 ab
542 1380 596 1409 eo
640 1368 902 1411 decantatam
949 1379 1004 1414 28
1051 1380 1216 1412 tantum
1268 1374 1477 1427 graduum
1530 1377 1683 1431 depre-

285 1431 431 1474 hendh

93 1505 146 1560 h)
195 1505 323 1548 Aceti
369 1506 556 1559 glacialis
599 1507 733 1548 muria
785 1508 882 1561 igne
919 1508 987 1549 vel
1031 1510 1237 1550 leniffimo
1274 1511 1542 1554 destillationi
1578 1515 1683 1556 <sub-

282 1570 397 1611 missa
434 1570 627 1612 colorem
664 1581 803 1612 tamen
841 1572 1002 1613 fuscum
1041 1576 1278 1626 contrahit,
1329 1577 1401 1616 sub
1439 1580 1683 1621 destillatio-

286 1636 349 1676 nis
376 1634 460 1675 fine
497 1635 815 1688 nigrescentem.
883 1636 1178 1679 Destillatione
1209 1640 1381 1680 demum
1419 1642 1516 1694 igne
1557 1658 1682 1697 quam

284 1700 615 1740 moderatissimo
652 1699 864 1752 absoluta,
920 1704 1141 1755 magmatis
1179 1704 1422 1757 nigricantis
1460 1709 1681 1763 nonnihil,

286 1764 641 1817 extractiformis‚
694 1764 858 1818 insipidi
894 1766 1009 1818 fere,
1063 1768 1269 1821 omnique
1307 1770 1500 1810 aciditate
1538 1785 1682 1812 caren-

287 1829 339 1867 tis
376 1829 415 1867 in
454 1838 613 1869 retorta
644 1839 858 1881 remanet,
909 1832 1024 1884 quod
1063 1845 1229 1884 magma
1267 1845 1365 1872 cum
1400 1833 1544 1885 spiritu
1580 1836 1680 1876 nitri

285 1891 473 1931 fumante
517 1893 734 1933 tractatum
775 1895 882 1936 acidi
918 1895 1077 1936 sachari
1114 1895 1328 1947 crystallos
1369 1897 1679 1951 pulcherrimas

286 1955 489 1996 facillime
524 1956 712 2010 largitur.

98 2041 139 2097 i)
182 2043 357 2099 Magma
392 2045 502 2094 hoc,
559 2047 672 2099 quod
711 2047 1122 2102 acido-saponaceae
1160 2060 1328 2092 naturae
1366 2052 1444 2092 effe
1480 2053 1680 2107 videtur,

287 2110 393 2150 aceti
431 2110 552 2149 acido
589 2120 672 2151 tam
709 2113 815 2153 arcte
861 2115 1082 2166 adhaeret,
1136 2126 1203 2166 vt,
1256 2117 1281 2155 fi
1319 2130 1338 2156 a
1375 2117 1682 2167 crystallisatio-

287 2175 348 2214 nis
387 2175 646 2215 adminiculo
693 2175 942 2227 discesseris,
998 2192 1074 2219 nec
1118 2180 1350 2220 carbonum
1394 2183 1568 2234 puluere
1608 2196 1681 2223 ne-

289 2251 369 2292 que
413 2239 537 2279 etiam
581 2240 768 2294 repetitis
810 2241 1184 2297 destillationibus,
1238 2244 1413 2300 separari
1464 2247 1516 2288 ab
1554 2258 1676 2287 aceto

889 2304 914 2347 S
939 2318 954 2344 s
996 2319 1019 2344 2
1585 2326 1683 2365 per-
