2080 2682
663 142 812 156 --
845 127 999 183 (357)
1033 142 1184 167 =

130 239 404 294 marginalem
457 238 620 281 fasciam
664 240 889 280 ventriculi
927 240 1063 281 dextri
1102 242 1350 283 continuare
1402 240 1531 290 solet3
1583 241 1711 285 fibrae

127 306 288 346 ordinis
325 305 449 359 primi
484 305 526 344 in
564 303 786 345 secundam
823 305 1076 360 tertiamque
1113 308 1269 347 abeunt
1311 307 1569 360 angularem.
1654 307 1714 347 Et

126 371 238 421 vidi,
266 372 418 424 ¹ipsam
465 368 697 408 venti-alem
742 368 907 410 fasciam
952 371 1130 423 primam
1177 385 1231 412 ex
1275 372 1338 412 his
1375 371 1499 425 primi
1546 372 1709 413 ordinis

126 433 241 474 fibris
279 435 320 474 in
359 436 502 488 aliquo
540 433 668 472 corde
705 435 952 486 productam
990 435 1118 477 fuisse.
1186 435 1307 491 Quae
1345 436 1422 476 hac
1458 436 1621 477 ratione
1656 449 1713 479 ex

123 498 281 538 sinistro
324 499 364 538 in
411 499 607 538 dextrum
654 498 935 539 ventriculum
982 500 1193 540 transeunt
1237 500 1365 541 fibrae
1402 514 1551 541 omnes
1589 499 1717 542 fimul

124 561 283 602 sumtae
328 572 459 603 totam
515 561 749 602 constanter
800 573 1011 616 occupant
1061 570 1221 617 partem
1276 565 1529 618 postremam
1576 565 1708 606 striae.

123 625 167 667 Si
204 626 313 667 solae
349 640 480 681 ergo,
535 626 649 679 quod
687 626 942 681 plerumque
977 627 1070 668 fieri
1107 628 1234 679 solet,
1291 629 1452 670 ordinis
1498 630 1623 683 primi
1660 630 1710 671 fi-

121 689 217 730 brae
256 690 487 738 transeunt3
525 690 602 730 hae
631 702 743 730 certe
781 700 913 732 totam
951 691 1067 732 striae
1104 693 1381 746 posteriorem
1419 704 1578 748 partem
1607 708 1713 735 con-

120 753 355 796 tinuatione
393 756 458 796 sua
496 764 669 808 tegunt,
714 755 929 809 fibraeque
966 757 1126 797 ordinis
1164 756 1335 798 secundi
1371 760 1412 798 in
1452 759 1581 799 solam
1618 772 1709 800 me-

120 818 233 859 diam
269 819 520 860 inseruntur.
589 818 672 860 Sed
708 819 861 860 accidit
898 834 1096 874 quoque,
1147 831 1193 862 vt
1228 822 1366 876 aliqua
1401 822 1600 864 fibrarum
1639 837 1709 864 or-

117 883 225 923 dinis
273 884 444 936 secund!
496 883 639 938 portio
684 897 764 924 vna
808 897 905 925 cum
950 886 1075 939 primi
1118 886 1233 926 fibris
1270 887 1470 938 transeat,
1524 901 1629 941 quae
1666 888 1709 928 in

114 948 295 1000 primam
350 958 449 989 tunc
495 948 660 989 fasciam
706 949 939 990 venti-alem
986 950 1209 990 ventriculi
1265 952 1404 991 dextri
1458 952 1707 992 continuare

115 1011 236 1051 solet.
324 1012 444 1053 Tum
488 1012 592 1052 ficut
627 1012 667 1051 in
706 1013 789 1052 hoc
835 1013 966 1053 corde
1003 1015 1113 1054 haud
1149 1012 1260 1053 solae
1295 1014 1422 1066 primi
1459 1016 1620 1054 ordinis
1658 1014 1710 1053 fi-

114 1074 211 1117 brae
239 1076 317 1116 ‘sed
355 1077 499 1129 portio
537 1076 705 1115 secundi
747 1088 920 1128 quoque
964 1086 1126 1128 partem
1175 1077 1291 1116 striae
1327 1077 1606 1130 posteriorem
1644 1090 1710 1118 re-

111 1139 231 1192 plent
281 1148 530 1194 teguntque.
614 1137 844 1191 Egregiam
890 1149 1130 1190 caeterum,
1183 1153 1407 1192 magnam,
1458 1142 1706 1194 latamque,

114 1203 430 1243 transuersalem
478 1203 643 1241 fasciam
689 1203 766 1240 hae
811 1202 967 1251 fibrae,
1023 1202 1050 1240 fi
1086 1203 1126 1240 in
1174 1202 1372 1242 dextrum
1417 1205 1706 1246 ventriculum

114 1265 381 1316 continuant,
418 1266 465 1305 ad
505 1265 752 1304 inferiorem
789 1263 1053 1318 superficiem
1076 1266 1218 1306 cordis
1248 1266 1454 1320 efficiunt,
1491 1270 1609 1310 cuius
1646 1269 1706 1310 la-

113 1328 339 1368 titudinem
378 1339 511 1370 totam
549 1340 683 1382 prope
720 1328 827 1369 basin
867 1329 1130 1370 transuerfim
1167 1342 1446 1384 percurrunt,
1494 1334 1705 1387 angustio-

111 1404 201 1432 rem
238 1392 280 1430 in
319 1394 519 1433 cordibus
557 1392 774 1432 nonnullis
811 1393 861 1434 ad
899 1395 1183 1435 ventriculum
1227 1395 1453 1447 sinistrum,
1506 1398 1704 1439 latiorem

111 1456 161 1496 ad
191 1456 414 1506 dextrum,
451 1457 493 1496 in
530 1457 618 1496 aliis
642 1457 839 1509 vtrinque
877 1458 1122 1510 aequalem,
1160 1460 1201 1499 in
1238 1460 1376 1500 media
1412 1461 1554 1514 potius
1585 1472 1701 1518 parte

110 1519 335 1573 latiorem,
373 1522 498 1562 duCtu
534 1520 743 1575 imprimis
780 1520 964 1574 eleganti
1001 1522 1201 1564 fibrarum
1236 1524 1457 1578 insignem.

627 1647 739 1690 Ordo
763 1647 965 1700 fibrarum
991 1650 1184 1702 seczmdus

142 1732 378 1788 (Tab.2V11.
407 1734 467 1777 [G.
496 1734 544 1776 E.
576 1735 628 1777 H.
654 1747 726 1781 28.
793 1735 893 1779 Tab.
915 1737 988 1779 IX.
1019 1745 1064 1792 p.
1100 1754 1144 1781 x.
1175 1753 1208 1781 s.
1228 1753 1264 1794 q.
1292 1753 1331 1780 1.
1356 1753 1394 1781 2.
1419 1740 1483 1794 3.)
1523 1740 1665 1782 Ortus.

304 1842 429 1884 Ordo
466 1844 698 1895 secundus,
752 1846 817 1889 seu
857 1849 1173 1899 funiculorum,
1216 1848 1256 1887 in
1293 1847 1417 1888 strato
1454 1848 1638 1889 secundo
1675 1861 1698 1890 a

110 1907 186 1948 filo
224 1907 495 1960 cartilagineo
531 1909 728 1949 anteriori
765 1911 919 1952 sinistro
956 1915 1010 1966 a)
1047 1922 1087 1953 et
1125 1913 1173 1952 ab
1211 1912 1432 1952 interstitio
1467 1913 1575 1952 inter
1611 1913 1697 1953 hoc

110 1972 228 2013 filum
252 1982 295 2012 et
330 1972 531 2024 posterius
567 1972 794 2025 sinistrum,
832 1977 1017 2017 maxime
1054 1987 1193 2017 tamen
1230 1989 1249 2016 a
1286 1986 1400 2029 parte
1437 1976 1586 2017 finistra
1625 1977 1699 2017 ba-

112 2035 160 2076 fis
197 2046 338 2077 aortae
374 2036 420 2089 b)
475 2046 517 2076 et
560 2050 582 2078 a
624 2036 719 2077 sede
764 2041 988 2082 columnae
1034 2041 1300 2095 triangularis
1344 2040 1394 2081 ad
1438 2041 1698 2094 principium

852 2105 935 2156 Yy
972 2117 994 2153 3
1546 2118 1696 2146 crenae

156 2240 192 2280 a)
221 2239 305 2275 Τὼ.
333 2242 399 2277 vu.
427 2242 471 2275 H.
499 2243 538 2277 G.

156 2299 192 2346 b)
221 2300 304 2335 Tab.
335 2303 423 2338 viu,
451 2315 479 2338 a.
