2080 2682
624 151 776 177 Ξ
807 135 961 192 (369)
995 149 1145 174 -...-·...-.·:

95 269 183 298 non
217 253 324 296 nihil
360 253 572 302 continet,·
626 258 729 307 quae
776 253 869 293 salia
912 253 1202 306 heterogenea
1248 248 1470 291 manifestis
1510 249 1547 291 se
1583 263 1682 304 pro-

96 323 200 363 dunt
235 320 428 372 indiciis,
481 317 650 359 fimulac
695 317 871 358 filtratae
909 317 1123 358 eiusmodi
1159 315 1249 357 salis
1289 317 1529 356 communis
1567 315 1683 356 solu-

95 386 204 427 tioni
240 385 405 438 aliquot
439 382 660 424 solutionis
699 392 831 423 terrae
870 382 1133 436 ponderosae
1169 382 1343 421 nitratae
1375 381 1443 420 vel
1478 379 1586 421 acidi
1624 379 1684 420 sa-

96 451 212 491 chari
249 449 434 504 guttulae
471 447 710 487 miscentur.
780 446 884 488 Salis
910 456 1050 487 autem
1087 445 1222 488 nostra
1259 446 1469 486 methodo
1508 444 1564 498 (ᾗ.
1590 445 1682 497 11.)

99 515 291 570 depurati
327 512 585 554 solutionem
621 512 834 565 reagentia
871 511 973 552 haec
1011 524 1061 552 ne
1099 511 1235 552 hilum
1273 510 1446 566 quidem
1483 508 1667 550 turbant.

290 609 324 663 §.
365 622 436 658 13.
506 608 640 663 Supra
683 608 764 650 iam
812 608 961 649 monui
1015 606 1079 660 (ξ.
1120 608 1183 659 ς.)
1235 607 1277 647 in
1322 619 1401 648 vna
1445 606 1683 659 eademque

96 674 187 717 salis
225 674 466 716 communis
503 674 714 714 solutione
752 674 910 728 primae
949 672 1295 723 crystalliiationi,
1316 671 1572 711 increscente
1611 671 1686 709 fri-

98 753 228 794 gore,
263 739 487 796 succedere
525 739 772 788 secundam,
813 738 884 778 vbi
923 737 1096 791 quidem
1135 737 1397 777 monendum
1435 735 1514 787 est,
1570 746 1686 785 crys-

99 804 223 845 tallos
261 804 334 844 has
373 803 550 844 secunda
597 802 936 854 crystallisatione
982 802 1234 843 obtinendas
1280 799 1501 854 permultis
1546 799 1687 852 inqui—

97 868 186 909 nari
241 867 486 919 crystalluiis
532 868 731 909 aculeatis
776 881 919 909 veram
966 866 1216 921 magnesiam
1263 865 1518 906 vitriolatam
1565 863 1688 904 exhi-

98 932 321 980 bentibus,·
373 932 485 972 vnde
522 933 765 985 colligitur,
818 933 845 972 si
883 932 972 973 salis
1011 931 1251 973 communis
1289 943 1365 985 per
1401 929 1533 982 frigus
1571 940 1690 977 crys-

98 996 293 1038 tallis-„itio
331 996 421 1036 salis
460 997 691 1050 depurandi
733 999 864 1039 caussa
909 998 1176 1050 suscipiatur,
1228 1008 1296 1035 eas
1333 1003 1523 1043 tantum,
1580 1002 1687 1044 quae

97 1063 233 1115 prima
270 1060 608 1111 crystallisatione
646 1061 908 1111 obtinentur,
938 1061 1153 1110 crystallos
1174 1059 1338 1098 laudata
1375 1056 1556 1110 puritate
1591 1053 1689 1107 pol-

98 1124 211 1165 lere:
248 1137 315 1164 eas
353 1137 480 1174 vero,
519 1136 619 1175 quas
658 1123 835 1164 secunda
871 1123 998 1164 offert
1033 1133 1076 1163 et
1111 1123 1232 1162 tertia
1269 1119 1582 1171 crystallisatio,
1631 1118 1689 1157 ob

96 1188 277 1230 mixtum
314 1186 362 1227 iis
401 1187 454 1227 sal
491 1200 706 1237 amarum,
741 1188 926 1239 impuras
965 1195 1007 1225 et
1042 1185 1211 1224 seorsim
1249 1183 1556 1223 conseruandas
1592 1181 1688 1221 effe.

295 1279 329 1331 ᾗ.
372 1292 441 1329 14.
512 1277 683 1319 Constat
718 1279 859 1333 itaque
896 1292 1006 1320 nunc
1029 1292 1083 1320 ex
1119 1279 1195 1331 iis,
1235 1292 1334 1333 quas
1372 1276 1575 1332 exposui,
1612 1290 1693 1318 no-

102 1343 165 1385 vis
205 1342 597 1394 obseruationibus,
649 1343 703 1383 sal
746 1344 979 1396 marinum,
1036 1345 1215 1384 aliorum
1262 1343 1549 1397 complurium
1595 1354 1691 1382 mo-

101 1423 174 1460 re,
227 1409 499 1462 spontaneam
536 1407 944 1460 crystallisatiouem,
990 1410 1111 1450 vnica
1149 1408 1306 1449 scilicet
1340 1407 1689 1462 refrigeratione,

102 1472 267 1523 subire,
319 1472 490 1525 hocque
534 1470 576 1511 in
622 1473 712 1513 casu
759 1472 874 1526 larga
920 1487 1050 1526 aquae
1096 1473 1446 1525 crystallisationis
1492 1472 1614 1526 copia
1651 1470 1690 1511 se

101 1536 319 1588 imbuere,
374 1535 673 1590 crystallosque
720 1537 901 1578 formare
947 1538 1104 1591 figurae
1142 1552 1162 1579 a
1199 1537 1399 1579 consueta
1443 1537 1566 1591 plane
1605 1536 1692 1577 dis-

105 1601 328 1655 crepantis.
399 1599 569 1641 Constat
604 1611 646 1641 et
681 1602 748 1652 id,
786 1604 958 1643 caussam
997 1603 1057 1647 oh
1093 1615 1218 1656 quam
1261 1602 1366 1643 dicta
1403 1600 1692 1652 crystallisatio

105 1679 192 1707 non
229 1665 299 1705 nisi
338 1664 600 1718 frigidiffimo
637 1665 819 1716 hyemali
856 1676 1048 1721 tempore
1087 1666 1295 1718 succedit,
1331 1679 1387 1708 ex
1423 1666 1582 1706 summa
1619 1677 1692 1717 ea,

109 1742 232 1784 quam
272 1729 385 1780 dixi,
440 1729 698 1782 liquescendi
737 1729 932 1772 facilitate
969 1731 1103 1785 repeti
1141 1729 1322 1781 debere,
1359 1744 1439 1784 qua
1475 1729 1689 1780 efficitur,

107 1804 153 1834 vt
197 1793 375 1845 crystalli
422 1794 581 1835 nostrae
624 1794 815 1836 leuiffimi
856 1797 982 1839 etiam
1028 1795 1179 1837 caloris
1224 1795 1384 1836 accessu
1427 1795 1469 1834 in
1508 1804 1693 1848 aqueum

109 1858 323 1913 liquorem
360 1857 550 1899 abeant..

305 1951 531 1995 Caeterum
569 1954 697 2006 haec,
753 1969 855 2010 quae
891 1955 1091 2010 detegere
1138 1955 1243 1997 mihi
1281 1955 1487 2009 contigit,
1538 1962 1606 2005 et,
1650 1954 1694 1994 ni

110 2017 260 2070 fallor,
296 2019 419 2072 plane
456 2032 592 2070 noua,
630 2019 817 2073 amplum
846 2022 1135 2075 complurium
1172 2021 1352 2061 aliorum
1391 2019 1582 2060 eiusdem
1621 2030 1693 2071 ge-

111 2084 220 2123 neris
258 2084 652 2137 experimentorum
688 2097 884 2139 campum
921 2086 1139 2140 aperiunt,
1173 2094 1245 2138 vt,
1299 2097 1403 2139 quae
1437 2084 1486 2124 s1t
1522 2082 1692 2137 frigoris

112 2147 153 2188 in
191 2147 288 2188 alias
326 2147 471 2188 salium
508 2150 664 2202 species
694 2149 943 2204 efficientia,
979 2151 1254 2206 exploretur,
1291 2148 1443 2205 quibus
1478 2148 1695 2191 instituen-

116 2212 409 2266 dis-proxima
446 2213 588 2254 hieme
625 2227 799 2268 operam
836 2216 960 2258 dabo.

173 2320 295 2366 Noua
312 2318 417 2363 Aea
432 2320 562 2365 Acad.
583 2299 1266 2378 lnam
1287 2334 1308 2364 a
1326 2334 1349 2364 a
1577 2317 1620 2364 O
1639 2319 1695 2363 B·
