2080 2682
890 112 1434 189 -'—-(282)ffi

359 252 519 296 lutosae
557 250 799 292 strudfflram
837 259 880 291 et
916 251 1097 293 laminae
1134 251 1241 293 latae
1281 259 1477 306 quartum
1516 258 1559 291 et
1598 247 1793 306 quintum
1830 265 1963 308 genus

358 319 663 377 particularum
700 314 987 358 artificialium
1026 316 1255 359 cellulosae
1291 316 1495 358 efficiunt.

555 447 787 490 Caeterum
824 446 850 487 fi
888 446 1181 501 microscopio
1228 447 1407 489 musculi
1452 448 1684 489 secundum
1732 448 1970 502 longitudi-

359 528 459 558 nem
510 513 659 558 diuulfi
707 512 1050 564 considerantur,
1107 514 1153 566 a)
1210 512 1351 554 bullae
1397 526 1541 554 aereae
1589 514 1784 568 copiolae
1823 513 1868 567 b)
1912 515 1972 556 vti

361 582 627 634 irrumpente
667 592 761 620 aere
798 588 980 619 externo
1015 578 1342 632 producuntur,
1397 578 1509 618 haud
1547 579 1782 620 iniucundo
1820 579 1976 634 speeta-

361 646 462 688 culo
502 645 751 698 frequenter
789 642 1004 685 obseruari
1041 642 1194 684 solent.
1280 642 1518 685 Maximam
1567 655 1728 698 partem
1767 645 1806 684 in
1845 646 1975 686 inter-

360 711 477 753 stiriis
516 711 627 751 inter
662 709 758 761 fila,
795 708 912 750 fibris
950 708 1333 762 respondentibus,
1369 719 1574 762 apparent
1610 716 1665 760 c).
1740 709 1873 764 Saepe
1913 721 1975 751 ta-

360 790 460 818 men
497 776 626 816 etiam
673 776 713 815 in
761 774 846 830 ipsa
889 774 960 817 fila
1011 774 1068 829 d)
1122 788 1264 817 aerem
1316 784 1539 830 penetrare
1578 773 1799 830 bullasque
1844 776 1887 816 in
1922 776 1975 816 iis

361 842 606 899 producere
644 840 748 881 vidi.

554 971 804 1016 Verisimile
841 973 1038 1025 videtur,
1094 974 1154 1015 vti
1191 986 1212 1015 a
1247 973 1539 1015 musculorum
1587 972 1978 1025 fasciculorumque

365 1037 483 1089 eius,
518 1038 572 1079 fic
609 1041 766 1090 pariter
802 1047 845 1077 et
880 1052 901 1078 a
936 1038 1137 1077 fibrarum
1176 1041 1366 1091 vaginis,
1405 1053 1505 1091 quas
1544 1039 1714 1079 vltimas
1744 1038 1981 1079 confidera-

367 1105 536 1155 vinum,
573 1102 763 1143 lamellas
802 1104 916 1142 intus
954 1102 1095 1151 abire,
1146 1114 1250 1154 quae
1287 1103 1399 1140 inter
1435 1102 1610 1141 fibrillas
1650 1103 1830 1154 fingulas
1869 1100 1980 1140 icili-

370 1177 438 1209 cet
475 1168 731 1206 descendant
766 1179 922 1218 easque
960 1166 1172 1215 ambiant⁸>
1227 1176 1270 1206 et
1311 1165 1531 1218 vaginulas
1569 1180 1647 1219 pro
1684 1166 1732 1205 iis
1777 1159 1977 1206 efficiant.

369 1232 478 1273 Rem
524 1231 653 1284 ipsam
700 1240 841 1270 tamen
888 1228 1176 1280 microscopio
1222 1233 1422 1281 pro¹equi
1461 1243 1547 1268 non
1585 1231 1722 1282 potui.
1809 1230 1980 1269 Fibrarn

369 1297 515 1338 solitae
560 1293 796 1336 latitudinis
843 1306 897 1333 ex
941 1305 1137 1334 anconeo
1182 1292 1318 1345 longo
1366 1292 1556 1333 adhibui.
1646 1291 1749 1332 Eius
1795 1292 1984 1346 aliquam

371 1363 621 1418 portionem
659 1361 699 1413 e)
738 1358 810 1399 sub
849 1357 1208 1412 microscopium‚
1256 1357 1429 1411 speculo
1467 1357 1738 1410 instrufium,
1789 1356 1984 1399 transtuli

372 1437 420 1469 vt
456 1426 718 1482 pellucidam
756 1424 906 1465 fibram
943 1424 1151 1465 viderem.
1223 1421 1449 1464 Continuo
1487 1423 1692 1474 fibrillae,
1719 1420 1773 1478 f)
1829 1422 1983 1475 quibus

373 1492 479 1534 fibra
518 1491 756 1546 compofita
794 1499 907 1542 erat,
945 1491 1181 1530 admodum
1219 1488 1456 1537 distinf’cae„
1494 1501 1549 1529 ex
1585 1488 1717 1529 rubro
1754 1487 1986 1529 flauescen-

378 1568 465 1610 tes,
501 1558 696 1598 eiusdem
734 1555 894 1609 vbique
931 1555 1192 1606 latitudinis,
1249 1553 1449 1594 nonnihil
1486 1554 1627 1608 paffim
1667 1553 1896 1607 crispatae,
1942 1553 1986 1594 in

378 1623 635 1672 faciculum‚
671 1621 822 1661 fibram
860 1619 1146 1670 efficientem,
1191 1618 1421 1670 collectae,
1466 1628 1764 1673 apparuerunt.
1852 1617 1989 1659 Diuifi

377 1687 486 1728 hanc
541 1687 692 1727 fibram
745 1684 979 1724 seeundum
1035 1684 1353 1736 longitudinem
1400 1683 1442 1722 in
1489 1684 1590 1724 duas
1645 1685 1732 1724 fere
1786 1683 1986 1736 aequales

377 1763 533 1807 partes.
572 1752 622 1805 g)
694 1749 863 1790 Tenuis
900 1749 1002 1789 ilico
1040 1748 1362 1801 pellucidillima
1398 1757 1440 1788 et
1476 1749 1563 1789 fere
1603 1748 1731 1789 fluida
1768 1747 1989 1790 substantia

379 1817 591 1872 glutinosa
627 1824 670 1857 et
705 1815 937 1868 continua⁷
990 1827 1088 1854 cum
1124 1824 1264 1868 partes
1301 1814 1431 1855 fibrae
1468 1813 1671 1870 paulatim
1714 1813 1948 1868 separarem
1973 1840 1988 1865 ‚

1944 1890 1989 1918 m

430 2040 465 2077 a)
496 2036 564 2083 Fig.
592 2047 620 2078 3.

429 2083 462 2126 by
495 2087 560 2133 fig.
589 2098 616 2127 3.
646 2099 675 2119 e.
700 2098 727 2121 e.
756 2097 784 2120 e.

429 2137 467 2177 c)
500 2132 564 2183 rig.
591 2149 618 2179 3.
648 2134 677 2169 d.
706 2135 739 2170 d.

434 2185 617 2233 d)1³ig.3
657 2184 680 2222 f.
709 2184 733 2220 f.

432 2239 467 2273 ε’)
499 2240 552 2278 {sig
596 2249 629 2279 4.
658 2250 685 2271 a.

432 2285 469 2328 s)
502 2285 576 2329 Fla.
606 2299 633 2328 4⁴
663 2289 694 2320 h.
723 2289 754 2321 h.
785 2289 817 2322 h.
846 2289 876 2323 h.

432 2336 474 2379 g)
505 2337 571 2382 lig.
601 2348 631 2376 4.
661 2337 689 2374 b,
722 2352 747 2373 c.
