2080 2682
658 159 807 170 --
839 138 992 195 (277)
1025 137 1177 168 ·····-⁴

101 257 321 302 mutiano
359 258 534 300 musculi
570 270 805 310 eorumque
843 256 972 296 fibrae
1011 255 1212 305 distinete,
1250 259 1292 294 et
1329 250 1519 308 deputati
1556 265 1578 295 a
1612 255 1701 297 cel-

115 323 273 376 lulosa,
319 334 570 378 appareant,
628 323 991 374 quemadmodum
1029 330 1072 359 et
1106 320 1237 371 vulgo
1274 317 1365 358 fieri
1409 319 1547 367 solet3
1599 319 1705 373 fila,

115 388 215 430 dum
253 389 538 439 integumenta
576 387 821 438 trahuntur,
857 386 1064 426 continuo
1100 393 1326 437 apparent,
1377 383 1486 424 inter
1519 383 1701 437 singulas

113 452 291 492 musculi
336 452 458 492 fibras
504 450 571 491 vel
625 450 844 490 fasciculos
890 463 911 488 a
955 448 1138 488 retrac‘iis
1187 448 1489 500 integumentis
1535 447 1708 489 descen-

115 516 281 568 dentia,
319 516 468 568 quibus
507 515 798 568 integumenta
835 512 1027 552 musculo
1063 524 1223 552 annexa
1260 513 1338 551 ess'e
1375 512 1584 551 videntur.
1660 511 1705 553 Si

116 580 256 620 cultro
292 581 391 619 haec
428 579 496 619 fila
534 580 729 629 diffecas,
783 578 989 618 continuo
1027 577 1318 626 integumenta
1355 576 1589 628 trahendo,
1640 575 1707 615 vl·

115 645 245 684 terius
284 644 385 683 haec
424 657 443 683 a
481 642 671 683 musculo
715 642 958 689 soluuntur‚
1012 649 1052 679 at
1098 639 1167 679 fita
1213 639 1322 691 quati
1370 640 1544 692 eadem,
1597 639 1707 679 vlte-

113 708 199 747 rius
238 708 370 747 modo
408 718 631 760 promota,
686 706 890 746 continuo
927 703 1087 744 adsunt.
1177 702 1219 743 Si
1258 702 1437 754 maiori,
1488 703 1514 742 fi
1551 703 1708 743 minori

114 771 296 811 sectione
341 772 580 825 apparentia
623 770 692 811 fila
735 769 918 819 incidis,
970 767 1103 819 magis
1147 767 1216 806 vel
1263 767 1400 806 minus
1447 779 1468 806 a
1513 768 1706 807 masculis

113 835 403 887 integumenta
449 836 690 885 soluuntur,
744 834 964 886 magisque
1008 831 1077 871 vel
1125 830 1289 882 minim,
1347 843 1451 883 quae
1500 832 1707 872 continuo

114 910 339 951 apparent,
376 899 443 939 fiia
481 908 812 952 promouentur3
851 906 890 937 at
925 896 1073 936 eadem
1111 894 1270 947 vbique
1306 893 1375 933 fila
1412 895 1617 935 continuo
1655 896 1707 936 ad

116 962 234 1013 sunt,
291 975 426 1015 neque
473 962 649 1016 spatium
688 974 872 1015 vnquam
919 959 1157 1012 detegitur,
1213 971 1299 1012 quo
1335 961 1594 1012 praecedens
1631 959 1709 1000 ali-

121 1027 239 1079 quod
275 1039 296 1067 a
330 1026 528 1080 sequente
564 1026 639 1066 filo
678 1026 1015 1078 distingueretur.

308 1165 441 1208 Vides
489 1168 635 1220 facile„
679 1168 783 1209 haec
820 1165 1022 1217 minime,
1080 1177 1184 1218 quae
1218 1164 1444 1214 videntur,
1497 1163 1592 1214 fila,
1645 1162 1708 1204 se·-

118 1237 258 1283 parata
304 1231 381 1271 alia
426 1232 475 1270 ab
520 1233 636 1283 aliis7
691 1233 759 1271 sed
804 1231 977 1271 laminas
1021 1228 1099 1268 effe
1147 1229 1394 1278 continuas⁷
1447 1227 1515 1267 seu
1562 1228 1706 1280 septa,

116 1293 345 1333 secundum
382 1294 695 1346 longitudinem
733 1294 856 1334 fibras
894 1293 1208 1345 distinguentia,
1251 1304 1434 1346 quorum
1469 1292 1520 1331 ad
1559 1304 1706 1344 quam·

115 1358 179 1397 vis
205 1357 346 1397 faustam
386 1358 632 1399 incisionem
671 1359 869 1398 seffiones
907 1368 1066 1398 tantum
1104 1367 1326 1410 apparent,
1364 1355 1598 1396 continuati
1634 1368 1709 1408 pa-

118 1421 248 1460 rietes
292 1422 401 1461 inter
443 1433 579 1475 partes
626 1424 845 1463 soluendas
891 1422 1285 1474 integumentorum
1329 1420 1704 1471 muscuiorumque

116 1485 358 1524 adhucdum
415 1487 689 1527 cohaerentes
734 1487 889 1538 latent,
946 1498 1163 1540 quaeque,
1217 1485 1299 1525 flue
1356 1485 1567 1525 leuiorem
1618 1483 1703 1523 siue

116 1547 443 1602 profundiorem
482 1551 630 1592 feceris
668 1552 941 1600 incisionem,
977 1550 1134 1602 vbique
1156 1550 1362 1589 continuo
1399 1559 1599 1601 tanquam
1635 1546 1707 1587 fila

115 1613 348 1666 praesentia
391 1624 605 1667 apparent.
690 1615 823 1655 Vides
869 1614 1041 1654 laminas
1089 1613 1179 1653 illas
1218 1614 1323 1663 effe,
1380 1625 1478 1666 quas
1517 1611 1704 1665 superius

118 1675 336 1729 descripsi,
376 1691 478 1730 quae
503 1678 552 1717 ab
576 1678 905 1731 integumentis,
942 1691 962 1718 a
1000 1678 1199 1718 celluioa
1235 1678 1420 1726 scilicet,
1460 1689 1539 1729 qua
1575 1676 1704 1728 adeps

119 1753 216 1779 cum
253 1740 450 1781 musculis
489 1743 714 1792 cohaeret,
751 1753 794 1782 et
831 1755 935 1795 quae
968 1743 1160 1795 vaginam
1199 1741 1369 1794 fingulis
1407 1739 1606 1780 musculis
1643 1739 1705 1779 ef-

117 1803 232 1852 ficit,
283 1805 392 1845 inter
435 1805 613 1858 singulas
660 1807 832 1845 musculi
880 1806 1002 1846 fibras
1040 1806 1325 1857 descendunt,
1377 1804 1587 1856 fibrasque
1625 1803 1705 1842 cir-

121 1867 320 1907 cumdant
356 1878 398 1907 et
435 1872 623 1921 proprias
662 1870 829 1923 singulis
866 1871 1033 1922 vaginas
1071 1870 1328 1922 producunt.
1367 1869 1545 1920 Neque,
1582 1867 1705 1906 dum-

120 1931 254 1971 modo
291 1934 577 1984 praeparando
615 1934 666 1973 fic
703 1935 965 1986 musculum,
1018 1934 1134 1973 fibris
1179 1931 1472 1986 insignioribus
1509 1940 1550 1971 et
1587 1930 1706 1971 fasci-

121 1995 225 2035 culis
265 1997 525 2048 praeditum,
565 1998 692 2037 veluti
731 2000 985 2050 pedioralem
1022 1998 1253 2048 maiorem,
1313 1996 1508 2037 attentius
1547 2004 1704 2035 retrac-

121 2068 204 2100 tam
243 2073 337 2098 cum
378 2061 497 2112 adipe
535 2061 801 2113 celsulomm,
839 2063 1159 2114 mnlculumqne
1196 2061 1357 2115 ipsum,
1395 2070 1437 2100 et
1474 2060 1564 2100 data
1600 2073 1705 2112 ope·

121 2137 165 2164 ra
202 2124 464 2174 confideres,
502 2139 563 2164 res
604 2125 685 2177 ipsa
723 2126 835 2166 latet.
906 2127 1007 2167 Non
1044 2127 1113 2166 fila
1148 2127 1259 2165 enirn
1298 2136 1421 2175 tunc,
1475 2124 1543 2165 sed
1586 2136 1704 2164 veras

122 2188 318 2242 vaginam,
365 2191 562 2230 nat-‘noue
599 2191 989 2243 integumentorum
1029 2191 1242 2247 dilatatas,
1294 2190 1520 2246 ampliores
1558 2188 1704 2239 fibris,

857 2254 968 2296 Mm
1005 2267 1028 2303 3
1586 2252 1707 2294 vide-
