2080 2682
877 141 1030 168 Ξ
1063 125 1218 183 (358)
1251 140 1404 167 =—····—-

338 259 490 291 crenae
527 257 663 300 vsque
699 241 746 297 a)
783 243 998 299 originem
1035 244 1167 285 ducit.
1251 242 1294 285 A
1330 242 1406 283 filo
1442 239 1534 296 ipso
1570 239 1749 295 eiusque
1785 248 1828 281 et
1862 254 1941 296 po-

335 314 519 356 sterioris
555 308 778 351 interstitio
814 322 972 364 paucae
1012 310 1186 364 quidem
1221 307 1351 349 fibrae
1387 307 1610 358 oriuntur,
1664 318 1761 347 cum
1805 308 1941 359 paral-

335 378 444 420 lelae
491 375 579 417 fere
623 375 724 416 huic
767 374 843 415 filo
880 375 1138 429 angulisque
1183 372 1424 414 acutiffimis
1461 382 1504 413 et
1538 371 1730 413 oriantur
1765 383 1944 425 progre-

334 443 604 494 dianturque.
691 439 863 481 Tamen
900 440 1030 480 etiam
1067 437 1202 492 magis
1239 438 1503 491 aliquantum
1540 435 1720 491 oblique
1770 434 1944 476 descen-

334 507 438 548 dere
474 507 547 548 has
585 504 711 546 fibras
747 505 790 546 in
828 504 975 559 aliquo
1012 503 1143 545 corde
1178 502 1294 553 vidi,
1331 511 1459 556 atque
1495 501 1536 542 in
1573 515 1628 542 eo
1657 513 1762 555 ergo
1792 499 1946 554 copio-

333 572 465 614 fiores
506 583 681 626 quoque
717 570 769 612 ab
807 570 891 611 hoc
935 569 1012 610 filo
1056 568 1188 609 fibrae
1225 566 1485 608 oriebantur.
1572 564 1848 608 Constantior
1883 574 1946 605 ta-

333 650 435 679 men
482 646 525 677 et
567 635 690 677 solita
732 635 879 690 potius
924 634 1030 675 haec
1075 633 1273 674 struciura
1321 631 1403 684 est,
1457 644 1564 684 quae
1609 632 1650 672 in
1689 631 1773 672 hoc
1810 629 1943 670 corde

334 701 611 754 Obseruauit,
665 713 748 755 qua
795 698 1023 755 parallelae
1062 700 1150 740 fere
1187 695 1265 738 filo
1301 696 1432 738 fibrae
1470 696 1594 736 filum
1630 696 1705 737 vix
1749 703 1942 749 tangunt.

334 768 489 822 Longe
526 766 711 808 maxima
758 779 853 820 pars
897 764 1101 805 fibrarum
1146 775 1194 804 ea
1236 761 1317 814 est,
1370 774 1477 815 quae
1516 774 1537 801 a
1575 760 1656 801 basi
1701 771 1872 813 aortae‚
1923 772 1947 801 a

335 832 466 874 latere
504 833 594 874 eius
633 830 820 882 sinistro,
857 829 1019 881 oritur,
1055 827 1101 882 b)
1155 840 1211 869 ex
1247 839 1335 881 quo
1381 826 1456 867 sub
1492 824 1658 879 angulis
1696 826 1785 867 fere
1822 824 1946 866 restis

335 897 468 940 fibrae
505 897 744 952 prodeunt,
785 904 1009 949 totamque
1045 891 1266 948 gibbosam
1304 901 1468 946 partem
1504 890 1736 932 ventriculi
1778 896 1947 944 tegunt.

334 965 385 1014 c)
457 962 579 1017 Quae
624 975 646 1002 a
692 960 786 1001 sede
833 959 1062 1001 columnae
1108 957 1375 1011 triangularis
1420 957 1462 997 in
1506 955 1778 1011 conspestum
1815 953 1948 995 fibrae

332 1027 539 1076 veniunt,
574 1025 630 1076 d)
684 1037 770 1064 uon
806 1025 858 1065 ab
903 1025 981 1065 hac
1019 1024 1224 1064 columna
1261 1023 1484 1073 oriuntur,
1536 1021 1605 1062 sed
1642 1020 1948 1062 continuantur

336 1091 386 1132 ab
424 1103 470 1131 ea
517 1089 621 1142 septi
665 1096 810 1141 parte,
864 1087 932 1127 cui
978 1099 1114 1126 conus
1160 1086 1387 1126 arteriosus
1434 1086 1652 1125 dexterius
1697 1082 1948 1136 incumbit,

343 1167 469 1208 quam
514 1152 737 1192 finisterius
784 1151 987 1191 columna
1030 1150 1139 1202 tegit
1183 1146 1452 1201 triangularis
1489 1156 1530 1187 et
1566 1146 1668 1188 foffa
1714 1146 1946 1199 triangula-

335 1219 408 1260 ris.
498 1216 578 1256 His
625 1213 816 1268 partibus
861 1225 968 1267 ergo
1013 1219 1240 1265 teguntur,
1296 1223 1403 1262 quae
1439 1210 1545 1263 septi
1581 1210 1781 1251 hactenus
1815 1210 1948 1250 fibrae

338 1283 457 1334 sunt,
495 1292 601 1335 quae
648 1291 760 1320 nunc
797 1278 848 1320 ad
886 1276 1123 1331 marginem
1160 1274 1389 1315 columnae
1426 1272 1632 1315 finistrum
1667 1273 1711 1316 in
1748 1274 1952 1330 conspec-

341 1357 433 1395 tum
469 1345 674 1398 veniunt,
710 1342 834 1386 fibras
874 1341 1103 1385 efficiendo
1138 1338 1368 1382 ventriculi
1403 1337 1564 1381 finistri.

872 1473 1102 1531 Progrcffits
1141 1482 1179 1515 et
1221 1470 1397 1528 insertio.

531 1574 601 1616 Ex
644 1574 710 1618 his
755 1573 924 1615 sedibus
976 1570 1244 1614 transuerfim
1297 1568 1456 1622 fibrae,
1509 1576 1582 1610 aut
1622 1567 1697 1610 vix
1741 1575 1882 1609 tamen
1929 1577 1953 1608 a

345 1639 611 1681 transuersali
648 1640 775 1680 dueta
813 1639 1025 1688 diuersae,
1083 1646 1125 1676 et
1161 1634 1385 1690 parallelae
1432 1634 1519 1675 fere
1557 1633 1634 1674 filo
1671 1632 1950 1687 cartilagineo

344 1702 546 1743 anteriori
597 1705 857 1757 dudiumque
902 1703 1030 1744 huius
1074 1700 1135 1740 fili
1182 1701 1407 1754 proprium
1451 1698 1688 1752 imitando,
1735 1699 1786 1740 ad
1841 1709 1952 1737 mar-

343 1768 488 1821 gincm
526 1781 662 1822 vsque
707 1767 935 1809 ventriculi
981 1765 1342 1820 progrediuntur,
1387 1771 1611 1818 totamque
1657 1764 1747 1804 eius
1784 1772 1951 1817 partem

344 1832 625 1886 posteriorem
673 1834 723 1874 ad
773 1832 908 1884 bafin,
970 1830 1184 1886 principio
1232 1841 1381 1870 crenae
1426 1838 1469 1870 et
1512 1828 1573 1869 fili
1618 1829 1760 1870 radice
1811 1826 1951 1868 inclu-

346 1895 457 1950 sam,
509 1909 763 1953 partemque
800 1895 1021 1952 gibbosam
1057 1894 1310 1948 ventriculi,
1348 1903 1574 1949 occupant.
1627 1894 1668 1948 e)
1738 1891 1950 1950 Quamuis

1818 1966 1949 1998 etlam

394 2097 430 2137 a)
464 2092 554 2133 Tab,
581 2095 675 2132 VIII.
705 2108 730 2130 c.
760 2097 780 2128 i.

395 2160 428 2193 1))
457 2158 532 2193 Tab
572 2157 647 2192 Vll.
677 2159 717 2192 G.
748 2158 785 2191 B.

394 2220 430 2250 τ’)
459 2216 544 2252 Tab.
572 2217 651 2250 VII.
682 2216 728 2251 H.
757 2216 807 2249 26.

398 2271 434 2307 dx
463 2274 549 2307 Tab.
580 2276 650 2308 VII.
680 2276 713 2311 Β.
743 2272 787 2309 Ε.
815 2273 868 2308 26.
898 2278 950 2315 28.

397 2329 436 2381 .-)
463 2331 548 2371 aab,
576 2334 649 2368 vn.
678 2334 715 2370 G.
746 2332 783 2366 E.
812 2331 856 2365 H.
887 2337 936 2370 28.
