2080 2682
880 129 1055 147 ····-·
1088 110 1243 170 (334)
1277 128 1430 155 a

354 233 434 275 —tio
469 227 744 274 necessarium
781 229 912 282 duxi,
949 229 1093 284 ignem
1131 229 1320 285 impendi
1359 227 1680 269 vehementem.
1747 225 1809 269 At
1843 226 1974 284 vero{

355 298 489 354 ·quod
526 298 674 350 vtique
712 295 896 337 maxima
936 308 1028 338 mea
1065 310 1160 337 cum
1199 294 1388 336 molestia
1415 303 1616 347 expertus
1653 291 1770 344 sum,
1806 305 1975 336 acetum

364 362 606 406 admodum
640 362 1061 416 empyreumaticum
1104 361 1470 415 sulphureumque
1512 362 1695 399 odorem
1735 357 1833 398 inde
1869 373 1978 403 nuu-

368 441 496 483 quam
543 440 628 468 non
675 427 905 468 assecutum
949 427 1020 468 est.
1108 425 1309 466 Institutis
1348 436 1452 464 vero
1490 422 1788 477 compiuribus
1834 423 1978 479 postea

349 492 570 548 'periculis
627 492 784 543 didici,
840 492 1140 547 operationem
1197 490 1306 531 hanc
1352 489 1561 530 lenissimo
1606 489 1761 540 etiarn,
1812 498 1856 529 et
1902 489 1975 542 qui

364 558 611 600 fundendae
649 557 848 600 materiae
887 558 1059 612 prorsus
1097 556 1233 611 impar
1268 554 1350 606 est,
1406 553 1561 595 caloris
1604 555 1735 608 gradu
1773 553 1974 596 succede-

363 636 438 677 re,
488 634 745 677 acetumque
798 623 898 664 inde
943 636 1075 678 aquae
1122 621 1173 663 ad
1229 620 1351 661 instar
1398 618 1759 672 limpidiffimum‚
1811 620 1973 674 exiguo

354 689 572 731 duntaxat
614 690 752 730 odore
798 688 1095 743 heterogeneo
1149 686 1396 742 praeditum
1441 686 1594 728 eadem
1645 683 1851 727 facilitate
1893 697 1974 727 nec

363 767 454 797 non
492 754 712 797 celeritate
747 754 939 811 prodire.

982 877 1196 926 EXPER.
1234 879 1357 924 XIII.

558 959 723 1004 Mixtio
759 959 999 1012 ficeiffima,
1037 958 1228 1001 constans
1272 967 1325 1001 18
1365 955 1500 998 vnciis
1548 954 1673 996 sodae
1709 954 1898 997 acetosae
1933 965 1976 996 et

362 1032 423 1076 48
460 1026 597 1067 vnciis
643 1028 784 1067 tartari
830 1025 1034 1066 vitriolati
1079 1024 1400 1077 super-saturati,
1454 1022 1735 1063 destillatione
1779 1021 1877 1074 igne
1914 1020 1977 1061 le-

364 1090 533 1131 niffimo
569 1090 760 1145 peracta,
797 1090 942 1130 vncias
986 1101 1034 1126 11
1063 1100 1159 1127 cum
1199 1087 1413 1127 drachmis
1453 1090 1479 1123 6
1517 1088 1621 1126 aceti
1659 1085 1847 1138 glacialis
1887 1085 1975 1126 for-

364 1153 561 1194 titudinis
601 1166 657 1202 50
690 1155 899 1205 graduum
938 1150 1249 1205 suppeditatur,
1285 1151 1404 1191 cuius
1444 1150 1623 1202 per-icuti
1661 1148 1971 1203 prosperrimus

363 1229 574 1269 euentus,
629 1218 735 1258 aceti
782 1216 971 1270 glacialis
1019 1215 1388 1268 praeparationem
1435 1213 1666 1252 secundum
1715 1213 1972 1255 methodum

361 1281 473 1325 hanc
510 1281 687 1338 largiori
723 1282 852 1324 etiam
891 1280 1124 1336 quantitate
1160 1276 1411 1331 succedere,
1450 1288 1516 1316 me
1554 1276 1744 1317 edocuit.

561 1412 599 1468 §.
639 1423 711 1465 19.
798 1409 913 1454 Cum
950 1409 1097 1451 salium
1132 1408 1175 1449 in
1213 1408 1253 1449 se
1289 1405 1477 1448 inuicem
1515 1415 1718 1460 augeatur
1753 1404 1886 1458 actio,
1920 1404 1974 1447 li-

366 1476 514 1534 quoris
551 1476 817 1521 adminiculo
855 1475 1043 1531 ipsorum
1081 1473 1284 1515 solutioni
1322 1473 1529 1521 fauentis5
1587 1471 1816 1513 tentamina
1853 1471 1975 1528 supra

363 1545 574 1601 descripta
609 1543 801 1600 sequenti
837 1543 1003 1585 ratione
1039 1540 1218 1593 variari,
1261 1552 1284 1580 e
1320 1551 1366 1580 re
1404 1538 1511 1579 mihi
1548 1536 1682 1579 visum
1718 1537 1787 1578 est.

981 1667 1194 1709 EXPER.
1231 1667 1355 1710 XIV.

559 1744 770 1789 Mixtioni
808 1756 831 1794 3
879 1744 1021 1785 tartari
1057 1744 1259 1785 vitrioiati
1309 1741 1598 1799 supersaturati
1643 1743 1778 1784 vnciis
1824 1750 1867 1784 et
1915 1753 1970 1781 12

364 1812 506 1859 Sodae
562 1812 752 1854 acetosae
809 1808 1022 1851 drachmis
1077 1809 1317 1861 constanti,
1369 1810 1411 1850 in
1464 1818 1667 1850 retortam
1731 1807 1971 1861 immissae,

363 1880 588 1921 drachmas
631 1886 652 1923 8
691 1875 798 1918 aceti
852 1874 1038 1929 glacialis
1097 1874 1360 1916 fortitudinis
1398 1877 1460 1926 46
1496 1874 1703 1927 graduum
1759 1873 1800 1913 in
1853 1882 1974 1914 ante-

366 1944 619 1987 cedentibus
684 1940 988 1982 tentaminibus
1042 1939 1244 1993 obtenti,
1306 1939 1507 1981 admiscui
1572 1939 1816 1992 blandoque
1869 1938 1968 1992 igne

365 2009 697 2053 destillationem
733 2005 912 2054 institui3
951 2017 1039 2059 quo
1078 2005 1211 2057 facto,
1252 2018 1303 2055 15
1338 2006 1558 2046 drachmas
1596 2017 1692 2044 cum
1732 2018 1790 2054 49
1831 2002 1968 2057 granis

364 2076 473 2117 aceti
512 2073 698 2127 glacialis
735 2081 793 2123 48
831 2071 1039 2124 graduum
1077 2070 1261 2111 obtinui.
1350 2071 1578 2112 Refiduum
1626 2069 1798 2110 {alinum
1839 2066 1970 2108 fimile

367 2142 537 2196 prorsus
576 2139 656 2179 fuit
692 2137 729 2177 ei
766 2135 1052 2189 experimenti
1090 2135 1154 2187 X,
1188 2136 1259 2176 vbi
1298 2146 1382 2177 tres
1423 2149 1598 2190 quoque
1637 2134 1777 2176 tartari
1820 2131 1968 2174 witrio-

368 2204 442 2246 lati
477 2201 769 2261 supersaturati
805 2201 949 2244 vncias
984 2199 1188 2257 adhibui,
1224 2201 1332 2257 nigri
1370 2201 1529 2244 scilicet
1565 2200 1741 2243 coloris.

1860 2305 1963 2350 EX-
