2080 2682
898 140 1056 172 εξ
1089 121 1247 183 (272)
1281 138 1436 159 -··

354 244 432 285 bus
468 240 672 285 retrofitis
710 240 952 294 accumbit,
1005 256 1147 299 neque
1192 242 1267 285 nifi
1310 251 1439 284 tenue
1474 238 1647 282 stratum
1683 241 1963 300 substantiae,

353 309 582 350 cellulosae
619 307 776 360 dic'tae,
831 307 1095 350 semifluidae
1131 309 1291 351 tenacis
1326 317 1370 350 et
1405 306 1661 359 continuae,
1715 319 1798 361 qua
1831 312 1961 363 parti·

351 374 429 415 bus
475 373 750 428 peritoneum
805 373 1119 427 adglutinatur,
1171 375 1402 429 peritoneo
1447 382 1491 414 et
1532 371 1724 427 partibus
1776 372 1959 418 interest.

346 438 436 479 Vbi
472 437 655 479 musculi
690 450 795 479 vero
831 451 854 479 a
888 439 928 479 se
963 438 1153 479 inuicem
1190 438 1369 479 distracti
1404 437 1608 479 laminam
1645 437 1842 492 fingunt,
1897 449 1962 482 te-

342 504 467 556 nuis,
510 503 587 545 vix
620 503 778 544 lineam
816 502 1040 545 dimidiam
1075 503 1159 544 lata
1194 503 1287 545 stria
1323 503 1436 542 inter
1470 515 1574 556 eos,
1627 512 1859 557 antequam
1896 504 1964 546 di·

343 568 584 619 ducuntur,
638 578 837 623 apparet,
876 582 983 624 quae
1018 569 1251 611 sectionem
1288 567 1475 620 scilicet,
1527 576 1571 608 et
1606 568 1829 610 crassitiem
1866 569 1960 611 eius

339 633 450 675 strati
486 633 732 676 substantiae
769 635 974 687 denotat,
1031 647 1114 689 qua
1159 633 1341 675 musculi
1386 632 1766 688 conglutinantur,
1821 635 1964 676 conti-

339 711 448 740 nuae
485 707 528 740 et
562 699 818 752 vniformiS,
858 712 965 755 quae
1002 712 1109 753 ergo
1145 698 1288 740 versus
1327 706 1494 753 partem
1532 698 1747 751 mediam,
1794 701 1966 743 muscu-

339 763 390 805 lis
428 764 635 819 diductis,
669 764 846 806 tetradia
881 765 925 805 in
961 763 1092 806 latam
1126 764 1246 806 illam
1280 763 1487 806 laminam
1531 763 1795 806 extenditur.

532 891 577 937 Si
614 906 772 948 operae
808 893 996 948 pretium
1034 893 1114 947 est,
1150 901 1302 936 notare
1339 893 1569 950 particulas
1605 893 1700 936 illas
1748 893 1961 947 diuersas,

339 970 445 1012 quae
491 959 633 1011 paffim
679 958 954 1012 reperiuntur
989 960 1033 1001 in
1071 959 1303 1013 cellulosa,
1354 961 1456 1001 dum
1495 959 1623 1002 variis
1661 959 1804 1000 modis
1849 969 1964 1001 trac-

339 1031 477 1074 tatur,
531 1036 638 1076 quae
677 1023 855 1063 minime
893 1023 1069 1077 quidem
1107 1025 1322 1066 elementa
1359 1025 1454 1066 sunt
1499 1025 1618 1077 eius,
1674 1025 1962 1078 quemadmo-

342 1088 444 1128 dum
484 1087 695 1127 creditum
732 1086 812 1139 est,
867 1099 1007 1140 neque
1044 1086 1137 1127 vno
1174 1089 1310 1128 modo
1355 1089 1498 1129 illaesa
1534 1090 1720 1141 partium
1758 1089 1959 1130 struc‘tura

341 1161 386 1192 et
420 1152 573 1191 ordine
609 1152 652 1191 in
688 1164 737 1191 ea
773 1151 982 1202 existunt,
1019 1160 1060 1192 at
1095 1151 1285 1204 aliquam
1321 1160 1463 1192 tamen
1501 1152 1668 1192 causam
1711 1152 1771 1191 sui
1808 1153 1850 1192 in
1888 1166 1962 1194 na-

341 1224 433 1256 tura
471 1214 699 1255 cellulosae
746 1213 905 1254 habere
950 1215 1175 1261 videntum
1231 1216 1457 1268 sequentes
1496 1217 1615 1267 sunt,
1670 1229 1772 1268 quas
1818 1217 1962 1257 hafte-

341 1293 422 1321 nus
460 1279 811 1321 obseruauimus:
866 1279 1020 1332 Longe
1059 1278 1390 1331 frequentiffima
1427 1278 1498 1319 fila
1535 1289 1796 1331 occurrunt,
1850 1293 1969 1333 quae.

343 1358 520 1387 omnem
567 1346 655 1386 fere
701 1343 868 1386 solitam
906 1343 1277 1398 praeparationem
1316 1343 1602 1384 anatomicam
1639 1343 1824 1397 partium
1863 1357 1968 1386 cor·-

342 1411 461 1466 poris
510 1410 781 1453 comitantur.
875 1408 975 1450 Siue
1022 1408 1237 1449 musculos
1282 1408 1398 1448 enim
1443 1408 1528 1449 fiue
1576 1421 1734 1449 neruos
1770 1408 1957 1451 sectione

345 1477 586 1529 detexeris,
621 1475 706 1516 fiue
742 1474 943 1527 arterias,
979 1483 1050 1514 aut
1084 1486 1237 1525 venaS,
1275 1482 1346 1514 aut
1383 1473 1680 1522 membranas3
1725 1474 1796 1514 vel
1834 1474 1958 1515 euol-

342 1542 508 1583 vendae
543 1555 598 1582 ex
634 1539 836 1581 cellulosa
871 1540 952 1580 hae
997 1548 1137 1593 partes
1174 1538 1244 1579 vel
1287 1539 1540 1593 separandae
1577 1539 1629 1581 ab
1667 1537 1758 1579 aliis
1797 1549 1957 1593 erunt,

345 1607 604 1658 quibuscum
642 1604 844 1646 cellulosa
880 1603 1098 1644 substantia
1137 1604 1502 1657 conglutinantur.
1565 1603 1817 1658 Vtrumque
1855 1605 1958 1659 hoc,

342 1669 553 1723 fiquidem
600 1669 760 1710 illaesas
804 1679 945 1723 partes
990 1667 1207 1719 volueris,
1260 1668 1424 1708 nonnisi
1470 1669 1526 1709 ita
1567 1667 1661 1709 fieri
1697 1668 1858 1722 potest,
1910 1679 1957 1711 vt

344 1735 417 1776 vel
460 1742 599 1789 partes
644 1733 760 1788 prius
799 1747 820 1774 a
857 1735 896 1773 se
940 1742 1118 1783 mutuO,
1175 1732 1244 1772 vel
1289 1732 1493 1774 cellulosa
1527 1745 1549 1774 a
1585 1743 1705 1787 parte
1742 1734 1955 1787 eruenda,

346 1799 653 1851 distrahantur,
705 1808 796 1838 tum
833 1796 974 1838 cultro
1011 1796 1214 1837 cellulosa
1252 1796 1453 1838 soluatur.
1541 1797 1590 1839 In
1632 1798 1703 1840 fila
1739 1810 1844 1853 ergo
1882 1812 1955 1840 an-

346 1874 519 1920 tequam
567 1863 813 1914 dissecatur,
868 1863 1010 1903 omnis
1057 1861 1258 1903 cellulosa
1302 1862 1561 1904 extenditur.
1650 1864 1769 1905 Haec
1824 1877 1955 1918 opera

347 1943 452 1984 ergo
488 1929 716 1971 anatomici
755 1927 1023 1976 efficiuntur;
1061 1928 1335 1982 pendentque
1372 1928 1494 1969 simul
1530 1942 1551 1970 a
1588 1938 1735 1971 natura
1771 1928 1955 1971 cellulo-

345 1996 438 2047 sae,
478 2007 585 2049 quae
622 1993 856 2035 semifluida
892 2002 934 2034 et
970 1992 1254 2034 tenaciuscula
1289 1992 1509 2035 substantia
1546 1994 1587 2034 ni
1625 1995 1750 2046 esset,
1801 1994 1843 2033 in
1882 1993 1952 2036 fila

346 2060 522 2102 extendi
561 2073 647 2101 non
684 2059 834 2114 posset.
921 2057 1021 2100 Alia
1059 2058 1217 2112 species
1257 2059 1477 2100 artes-actae
1516 2058 1742 2100 cellulosae
1780 2058 1953 2100 structu·

346 2139 415 2167 rae
454 2125 660 2166 vesiculae
697 2123 814 2177 sunt,
868 2123 938 2165 vel
975 2123 1114 2166 bullae
1152 2123 1297 2178 potius
1335 2137 1506 2176 aereae,
1562 2137 1667 2178 quae
1705 2123 1774 2164 vel
1811 2123 1908 2164 flatu
1931 2148 1946 2172 ,

345 2191 415 2231 vel
461 2203 555 2231 aere
599 2190 748 2244 sponte
791 2192 1082 2244 irrumpente,
1136 2188 1176 2229 in
1215 2189 1415 2230 cellulosa
1460 2191 1769 2244 producuntur.
1853 2186 1944 2227 Hae

344 2255 484 2295 minus
524 2256 770 2311 frequenter
808 2255 983 2311 quidem
1023 2267 1149 2310 quam
1188 2254 1283 2309 fila,
1335 2265 1522 2297 attamen
1558 2254 1672 2297 haud
1707 2265 1801 2294 raro
1839 2261 1946 2303 quo·

1860 2325 1942 2368 que
