2080 2682
638 120 1178 173 ===<367>———

147 234 195 290 d)
246 232 328 276 a'e‘ri
372 233 587 274 ficciffimo
634 232 983 288 frigidissimoque
1027 233 1216 286 hyemali
1252 241 1447 290 tempore
1484 237 1699 291 expositae

309 298 577 340 Glauberiani
613 296 704 336 salis
726 297 777 338 ad
813 299 935 340 instar
970 300 1012 339 in
1050 299 1273 354 puluerem
1311 302 1452 342 album
1491 301 1700 343 fatiscunt.

143 404 189 459 e)
224 403 295 445 Ab
333 404 529 446 omnibus
568 403 791 457 hucusque
828 406 939 446 notis
975 405 1126 446 salibus
1166 408 1323 448 neutris
1361 421 1407 449 ea
1443 408 1702 461 potiffimum

285 469 560 524 proprietate
605 469 862 522 discrepant,
918 472 1032 522 quod
1071 471 1211 512 calore
1248 474 1352 513 a'eiis
1393 473 1568 513 natuiali
1615 483 1705 513 tan-

304 533 400 573 tillo
446 533 704 585 funduntur,
760 547 840 587 qua
883 533 1144 587 liquescendi
1201 536 1397 577 facilitate
1445 536 1571 576 salem
1615 551 1702 577 non

301 597 438 637 modo
461 595 809 647 Ghmberianum,
847 599 914 638 sed
953 609 1119 639 acetum
1158 600 1283 641 etiam
1323 601 1496 652 glaciale
1533 601 1703 654 insigni-

302 669 367 701 ter
403 659 611 713 superant.
696 661 958 703 Facillimam
996 663 1102 703 hanc
1140 664 1429 714 crystallorum
1469 665 1700 707 nostrarum

303 725 650 777 destructionem,
705 738 828 778 quam
865 728 1050 780 primum
1090 729 1286 768 naturalis
1330 731 1434 769 a'c'ris
1474 730 1701 783 temperies

301 791 351 830 ad
402 801 485 839 143
535 791 689 842 gradus
735 789 801 831 De
845 791 1053 832 l’Islianos
1091 791 1307 842 ascendit,
1362 806 1575 846 nunquam
1616 807 1700 834 non

302 854 578 906 contingere,
614 855 920 908 experimentis
958 854 1106 897 sedulo
1142 856 1337 898 institutis
1372 858 1525 912 reperi.
1605 857 1704 899 No·

298 918 475 958 tandum
511 928 651 959 tamen
687 919 769 971 est,

141 1011 185 1069 f)
221 1013 539 1070 liquescentiam
576 1017 683 1056 hanc
720 1029 805 1056 non
843 1017 922 1056 effe
960 1018 1214 1069 perfectam,
1250 1017 1318 1057 sed
1355 1017 1575 1068 partialem
1612 1026 1702 1058 tan-

300 1088 414 1124 tum‚·
467 1080 578 1118 haud
624 1079 736 1117 enim
782 1079 935 1129 exigua
979 1080 1070 1118 salis
1109 1080 1234 1119 nostri
1273 1093 1364 1133 pars
1402 1080 1473 1120 sub
1511 1081 1700 1134 pulueris

297 1141 456 1182 arenofi
505 1141 587 1181 albi
641 1142 777 1181 forma
822 1142 902 1180 irre
923 1143 1038 1181 oluta
1085 1153 1298 1192 remanet,
1353 1144 1394 1182 id
1443 1145 1558 1196 quod
1612 1158 1698 1185 non

295 1204 387 1242 fieri
414 1216 497 1242 non
526 1204 677 1254 potest,
715 1215 811 1241 cum
848 1202 1048 1254 superstes
1078 1204 1117 1242 in
1141 1205 1340 1254 crystallis
1380 1206 1526 1247 nostris
1564 1220 1695 1260 aquae

300 1265 651 1314 crystalliiationis
700 1265 903 1318 quantitas
952 1266 1177 1307 soluendae
1231 1270 1349 1308 omni
1405 1269 1494 1310 salis
1546 1273 1693 1323 copiae

296 1328 434 1382 impar
469 1328 539 1378 fit,
576 1328 779 1381 siquidem
819 1343 896 1370 nna
934 1330 1022 1369 salis
1061 1333 1303 1372 communis
1341 1334 1539 1376 ordinarii
1578 1348 1696 1387 pars,

298 1401 343 1432 vt
378 1391 589 1444 soluatur,
645 1403 727 1433 tres
766 1394 851 1433 fere
888 1407 1019 1447 aquae
1057 1406 1193 1448 partes
1241 1397 1445 1451 postulat,
1491 1400 1610 1440 cuius
1653 1400 1694 1439 in

298 1456 440 1496 nostro
477 1457 555 1497 sale
592 1469 678 1498 non
714 1457 785 1497 nlfi
822 1470 901 1498 vna
944 1460 1202 1500 continetur.

299 1584 334 1637 ς.
375 1594 414 1629 8.
498 1584 568 1626 Ex
602 1586 753 1626 vltimo
798 1586 882 1627 hoc
924 1586 1251 1642 phaenomeno‚
1305 1589 1547 1633 facillimam
1594 1593 1693 1634 dico

105 1648 199 1690 salis
231 1649 355 1688 nostri
392 1649 734 1702 liquescenti-am,
772 1651 812 1690 id
851 1652 1108 1694 concludere
1145 1654 1269 1703 licet,
1305 1654 1508 1696 diuersam
1547 1656 1693 1697 salium

106 1714 149 1753 in
187 1726 291 1766 aqua
329 1713 677 1764 crystallisarionis
722 1714 789 1755 sua
832 1715 1091 1769 liquescendi
1138 1718 1381 1758 facilitatem
1427 1732 1511 1760 non
1550 1734 1570 1761 a
1607 1723 1693 1763 sola

107 1777 400 1830 aquaeihuius
441 1779 668 1830 quantitate
705 1779 913 1832 pendere,
968 1781 1032 1820 sed
1071 1795 1091 1822 a
1129 1782 1294 1822 diuerso
1333 1796 1505 1836 quoque
1543 1795 1693 1826 attrac-

107 1840 236 1880 tionis
281 1842 410 1893 gradu
464 1842 736 1894 repetendam
789 1844 890 1894 effe,
946 1857 1025 1892 qua
1074 1846 1197 1885 salin-‚1
1234 1856 1277 1885 et
1313 1847 1465 1898 aquosa
1501 1848 1691 1889 elemen-

107 1913 147 1945 ta
185 1916 339 1957 corpus
376 1905 556 1945 solidum
581 1906 859 1956 crystallinum
897 1908 1191 1949 constituentia
1226 1910 1334 1949 inter
1371 1910 1409 1950 se
1444 1913 1688 1954 cohaerent.

108 1967 176 2010 Sal
211 1970 325 2008 enim
364 1968 590 2021 Glauberi‚
641 1971 857 2011 vitriolum
896 1973 1062 2023 martis,
1121 1975 1218 2013 soda
1256 1974 1544 2026 crystallitata,
1596 1979 1691 2029 plu-

108 2044 237 2084 raque
272 2031 378 2083 alia,
429 2047 526 2092 prae
566 2034 704 2075 nostro
742 2036 818 2076 sale
855 2049 985 2090 aquae
1022 2037 1356 2078 cristallilationis
1394 2040 1515 2092 copia
1560 2041 1688 2082 abun-

109 2096 232 2144 dant,
273 2109 352 2148 qua
388 2107 525 2138 tamen
565 2111 648 2138 non
687 2099 896 2156 obstante,
933 2102 1324 2157 caloris-gradum,
1359 2113 1404 2144 vt
1439 2104 1687 2161 liquescant,

105 2161 235 2216 longe
270 2161 476 2204 maiorem
495 2163 733 2219 postulant.

1551 2283 1607 2337 1§·
1643 2298 1688 2335 9·
