2080 2682
902 148 1057 165 --
1091 131 1250 191 (256)
1283 146 1437 175 a

763 277 857 321 DE
908 259 1135 325 MOTV
1186 275 1592 325 SINGVLARI

368 372 1105 449 PROGRESSIVO
1149 381 1248 431 ET
1293 367 1975 446 ROTATORIO

513 488 841 542 CORPORIS
876 487 1294 547 CYLINDRICL
1337 489 1498 542 FILO
1538 486 1828 547 FLEX1L1‚

447 594 533 639 EX
569 592 754 639 cvlvs
791 589 1050 637 ALTERO
1088 590 1389 635 TERMINO
1434 590 1899 648 SVSPENDITVR,

961 667 1385 714 CIRCVMDATI.

1072 814 1267 857 Aue'iore

906 889 1222 935 NICOLAO
1275 891 1456 937 FVSS.

733 1081 919 1122 Comtcnt.
956 1082 1092 1124 exhib.
1129 1086 1192 1125 die
1246 1100 1277 1135 4
1312 1085 1418 1137 Apr.
1469 1098 1605 1136 1793·

1116 1272 1152 1327 ς,
1194 1284 1232 1314 1.

206 1384 291 1419 Tab.
320 1351 628 1471 V.Corpus‚
679 1368 721 1411 in
760 1369 880 1413 cuius
917 1378 1084 1412 motum
1130 1370 1201 1412 hic
1245 1371 1334 1411 sum
1382 1367 1683 1424 inquisiturus,
1735 1365 1895 1410 constat
1928 1378 1986 1412 ex

206 1437 273 1484 Fig-
306 1447 338 1472 1·
505 1437 673 1478 duobus
712 1437 834 1478 dilcis
873 1435 1150 1478 circularibus
1189 1432 1280 1491 PQ
1312 1445 1355 1476 et
1393 1435 1494 1488 RS,
1530 1436 1640 1477 inter
1679 1434 1716 1476 se
1754 1433 1984 1490 parallelis,

376 1503 568 1546 eiusdem
607 1502 831 1555 materiae,
885 1502 1190 1556 magnitudinis
1228 1501 1269 1541 ὃ(
1306 1500 1495 1555 figurae,
1546 1513 1697 1554 parum
1734 1514 1755 1542 a
1792 1504 1831 1540 ie
1875 1498 1987 1540 inui-

379 1583 473 1611 cem
512 1567 757 1608 distantibus
782 1596 796 1618 ,
839 1577 882 1608 et
927 1567 1173 1620 cylindrulo
1209 1579 1234 1606 α
1269 1565 1294 1605 b
1330 1579 1350 1606 c
1384 1566 1414 1606 d
1446 1570 1500 1606 ita
1537 1566 1714 1617 iunfzis,
1749 1575 1796 1606 vt
1831 1576 1986 1605 eorum

378 1647 478 1674 axes
525 1645 620 1672 cum
669 1645 745 1672 axe
791 1632 1020 1683 cylindruli
1067 1632 1109 1671 in
1155 1632 1334 1672 eandem
1383 1631 1536 1671 lineam
1583 1632 1736 1671 refiam
1782 1631 1985 1671 incidant.

380 1696 593 1748 (Tylindro
630 1695 750 1736 filum
790 1696 933 1736 flexile
970 1695 1354 1744 circumuoluitur,
1401 1696 1520 1735 cuius
1557 1696 1662 1736 alzcr
1699 1695 1903 1736 terminus
1941 1694 1986 1736 in

378 1761 599 1816 superficie
646 1761 829 1813 cylindri
875 1760 1045 1814 figitur,
1099 1760 1152 1801 ita
1196 1770 1265 1811 vt,
1317 1761 1418 1800 dum
1464 1760 1570 1801 alter
1606 1763 1811 1801 terminus
1847 1773 1902 1801 ex
1939 1756 1982 1801 O

379 1827 599 1880 iuspensus
639 1834 829 1878 tenetur,
866 1838 1022 1879 corpus
1063 1827 1239 1880 proprio
1272 1826 1344 1865 suo
1383 1828 1602 1878 ρωποι-ο,
1641 1826 1752 1867 circa
1787 1836 1984 1865 centrum

380 1892 600 1944 gyrando,
641 1890 682 1930 in
720 1891 877 1932 eodem
913 1891 1044 1946 plano
1081 1891 1273 1933 verticali
1311 1891 1567 1933 descendere
1603 1890 1737 1932 libere
1772 1889 1982 1946 filumque

380 1956 461 1997 sese
498 1955 702 1997 euoluere
740 1964 881 2011 queat.

571 2066 605 2119 ξ.
647 2080 687 2107 2.
776 2066 846 2109 Ex
881 2066 959 2108 hac
997 2066 1282 2123 descriptione
1321 2066 1444 2109 facile
1482 2067 1664 2122 Quisque
1701 2065 1979 2122 intelligitur,

381 2132 622 2172 sermonem
661 2132 730 2172 hic
767 2133 846 2173 esse
867 2133 918 2173 de
953 2134 1197 2185 crepundiis
1235 2133 1336 2184 illisu,
1372 2147 1391 2174 a
1414 2132 1549 2175 Callis
1579 2135 1813 2187 emigmtis,
1850 2140 1893 2171 vt
1921 2129 1981 2169 fa-

385 2210 449 2237 ma
489 2197 593 2247 fert,
631 2196 892 2251 Aquiffigrani
930 2199 1116 2251 primum
1158 2198 1368 2249 inuentis,
1406 2198 1591 2250 indeque
1622 2199 1739 2239 breui
1776 2191 1979 2248 temporis

383 2261 515 2315 spatio
552 2275 627 2318 per
662 2263 895 2305 maximam
936 2261 1138 2320 Europae
1175 2275 1339 2320 partem
1373 2264 1619 2320 propagatis
1657 2273 1699 2305 et
1734 2273 1843 2303 anno
1880 2269 1983 2327 pro-

1862 2332 1978 2363 xune
