2080 2682
656 133 1193 190 —--(319)-·····

152 261 195 315 a)
247 259 434 302 Acetum
471 251 774 307 crystallisabile
809 250 950 292 debile
986 264 1072 292 non
1108 248 1181 292 nifi
1217 247 1585 291 vehementissimo
1630 246 1704 291 fri-

312 335 438 376 gore3
483 328 645 360 acetum
684 325 830 357 contra
867 315 1042 369 glaciale
1082 314 1346 357 fortiffimum
1383 313 1598 354 interdurn
1634 324 1704 353 ae·

311 387 409 427 stiua
462 394 632 436 quoque
688 380 929 435 tempestate
975 381 1125 436 frigida
1173 392 1260 430 130
1305 379 1513 435 graduum
1556 377 1702 421 Scalae

312 448 568 492 Delislianae
604 447 646 487 in
686 445 900 498 crystallos
938 447 1041 486 coit.

153 561 200 617 b)
236 560 282 601 In
318 567 437 600 aceto
468 554 764 608 crystallisabili
794 554 971 606 crystalli
1009 555 1247 596 formantur
1283 552 1522 608 regulares,
1556 550 1704 593 rhom-

311 622 487 662 boideae
511 630 552 661 et
571 620 861 674 prismaticae,
899 620 1049 673 glaciei
1085 620 1135 661 ad
1170 619 1291 659 instar
1326 618 1577 671 puriffimae‚
1613 616 1704 670 pel-

308 686 525 727 luciditate
561 684 846 740 pulcherrima
881 684 1111 739 praeditae,
1149 684 1256 725 aceti
1290 683 1442 736 liquidi
1478 681 1603 737 copia
1636 680 1703 722 su-

307 751 487 806 perstite.

404 860 593 901 Acetum
637 868 739 901 vero
785 857 959 913 glaciale
1005 872 1080 913 per
1124 867 1256 900 totam
1306 858 1468 899 molem
1505 856 1704 912 coagula-

306 935 390 975 tur,
417 926 458 965 in
496 926 661 966 maffam
699 923 834 966 albam
870 924 1127 978 camphorae
1162 923 1372 964 aemulam
1409 922 1512 973 abit,
1540 932 1581 962 et
1616 922 1702 962 hoc

307 990 397 1043 ipso
442 1000 665 1032 momento
710 990 860 1030 miram
905 1001 1037 1043 aquae
1082 988 1330 1042 gelascentis
1382 985 1703 1026 similitudinem

307 1053 448 1094 offert.

148 1161 191 1216 c)
228 1161 273 1202 In
311 1169 431 1201 aceto
470 1157 769 1211 crystallisabili
806 1172 899 1212 pars
936 1158 1080 1208 acida,
1115 1159 1290 1211 perinde
1325 1171 1373 1198 ac
1409 1159 1452 1198 in
1489 1157 1578 1198 aliis
1600 1156 1705 1211 *sali-

307 1238 377 1264 um
425 1224 735 1272 solutionibus,
786 1223 900 1274 larga
938 1221 1168 1275 quantitate
1213 1234 1344 1276 aquae
1381 1220 1705 1262 solutionis'di-

307 1289 392 1327 luta
429 1286 508 1336 est,
544 1286 612 1325 vel
649 1286 738 1325 aliis
775 1295 820 1325 vt
856 1295 946 1325 vtar
980 1285 1144 1325 verbis:
1190 1296 1354 1326 acerum
1394 1285 1701 1337 crystallisabile

308 1363 394 1391 non
423 1350 493 1390 nisi
519 1350 626 1390 acidi
662 1349 767 1390 aceti
803 1349 959 1390 solutio
979 1348 1058 1401 est,
1094 1351 1143 1390 ad
1182 1350 1533 1402 crystallisationis
1570 1363 1704 1404 punc-

308 1424 397 1454 tum
437 1427 567 1468 vsque
606 1415 825 1467 perducta,
878 1423 1044 1453 acetum
1081 1427 1184 1455 vero
1223 1414 1397 1468 glaciale
1434 1415 1703 1456 fortissimum

308 1492 394 1518 non
431 1478 502 1518 nisi
539 1491 690 1532 aquam
729 1477 1078 1529 crystallisationis
1118 1480 1334 1528 continet3
1387 1481 1497 1520 vnde
1532 1479 1604 1531 fit,
1656 1488 1704 1520 vt

303 1543 431 1596 gradu
461 1542 611 1583 caloris
651 1543 877 1583 necessario
915 1543 964 1582 ad
1001 1543 1318 1596 liquescentiam
1357 1543 1526 1596 orbata,
1561 1544 1702 1584 omnis

305 1615 454 1660 quanta
491 1606 570 1656 est,
610 1607 729 1646 massa
767 1604 1031 1659 congeletur.
1103 1605 1448 1661 Comparationis
1482 1608 1613 1648 caussa
1648 1605 1704 1649 sal

305 1669 494 1711 mirabile
533 1670 584 1710 fic
618 1670 773 1710 dicium
798 1669 1000 1712 Glauberi
1037 1670 1201 1725 allego:
1239 1669 1418 1723 crystalli
1447 1671 1538 1713 salis
1574 1672 1701 1712 huius

305 1735 361 1775 ob
409 1735 592 1787 largam,
647 1747 769 1787 quam
816 1735 1471 1787 continent„crystallisationis
1517 1749 1703 1789 aquam,

304 1798 511 1839 leuiffimo
548 1798 674 1838 etiam
711 1797 850 1839 calore
887 1797 1139 1853 liquefiunt⁷
1176 1800 1458 1854 eamdemque
1497 1799 1555 1841 ob
1588 1798 1702 1839 caus-

305 1861 386 1902 farn
425 1873 465 1902 et
500 1872 666 1902 acetum
713 1862 897 1904 nostrum
942 1862 1118 1917 glaciale
1161 1864 1389 1905 accedente
1432 1863 1538 1905 iusto
1582 1863 1696 1904 calo-

301 1927 356 1966 ris
393 1926 523 1979 gradu
560 1925 763 1980 liquescit.

305 2053 458 2107 Aquae
494 2051 546 2094 fic
584 2052 714 2094 dietae
760 2052 1110 2106 crystallisationis
1144 2053 1187 2095 in
1224 2053 1332 2096 aceti
1368 2052 1491 2096 acido
1526 2053 1605 2098 alia
1639 2064 1702 2099 at-

118 2129 198 2171 que
243 2115 321 2159 alia
367 2118 572 2172 quantitas
619 2117 696 2159 effe
740 2118 901 2172 potest,
954 2121 1063 2160 vnde
1108 2119 1214 2160 aceti
1260 2118 1447 2174 glacialis
1490 2119 1700 2164 fortitudo

113 2181 224 2223 varia
260 2194 280 2223 a
317 2195 375 2235 42
412 2182 610 2238 gradibus
645 2182 696 2224 ad
735 2195 795 2235 54
828 2197 960 2239 vsque
996 2185 1147 2238 gradus
1188 2181 1402 2240 originem
1437 2185 1608 2240 repetit.

1582 2306 1620 2366 §-
1656 2321 1697 2362 5·
