2080 2682
649 126 799 153 ·--.·.-...-··-.
834 111 988 168 (353)
1022 127 1172 153 ——--..-·

113 228 167 280 a)
205 228 292 270 eius
340 228 380 269 in
415 226 540 269 fibras
577 228 859 268 continuatae.
946 227 992 269 In
1031 242 1076 270 ea
1112 230 1270 283 pariter
1309 228 1438 272 fibrae
1474 233 1699 275 ventriculi

110 293 253 335 sinistri
291 307 387 334 cum
425 291 561 334 dextri
595 290 710 331 fibris
748 291 834 332 fere
872 304 1133 333 concurrunt
1168 297 1207 334 in
1246 294 1368 335 strato
1406 295 1614 345 secund03
1657 307 1700 338 et

112 360 156 400 in
202 360 291 401 aliis
337 357 533 399 cordibus
580 355 704 395 etiam
750 356 792 397 in
838 357 922 398 hoc
966 358 1150 398 secundo
1188 358 1359 413 pariter‘
1384 370 1509 415 atque
1544 361 1585 401 in
1623 375 1700 402 ex-

115 434 238 465 terno
284 423 405 463 strato
448 435 502 461 ex
544 419 700 460 finistro
735 420 775 459 in
815 421 1012 462 dextrum
1049 423 1335 464 ventriculum
1370 424 1493 466 fibras
1531 425 1698 468 tranfire

113 491 216 531 vidi.
284 487 347 529 Vt
380 487 421 525 in
458 485 535 526 hac
570 493 697 538 atque
732 485 773 524 in
811 485 882 526 illa
922 499 1058 540 prope
1096 487 1205 528 basin
1241 488 1338 528 sede
1373 490 1521 530 arelius
1558 491 1699 530 omni-

113 567 171 596 no
207 549 457 601 ventriculi‚
511 561 636 603 quam
672 549 714 589 in
751 550 889 591 media
925 561 1041 604 parte
1086 553 1411 605 coniungantur.
1495 554 1697 609 Denique

115 627 259 673 quarta
293 629 385 670 pars
424 615 465 654 in
502 613 592 654 aliis
630 613 828 654 cordibus
877 614 982 666 fuit,
1036 628 1141 668 quae
1177 617 1326 657 eadem
1370 631 1465 658 curn
1503 619 1580 660 hac
1618 619 1697 660 effe

111 683 305 731 videtur,
362 692 440 732 qua
479 677 702 718 ventriculi
738 682 780 720 in
817 679 901 719 hoc
938 680 1068 720 corde
1105 679 1278 734 separati
1315 682 1519 734 existunt,
1557 681 1599 736 b>
1635 685 1699 724 in-

108 746 243 800 fignes
286 744 424 799 apices
461 742 671 783 distinctos
717 743 959 784 formando.
1045 744 1164 785 Haec
1202 745 1328 785 nullis
1365 759 1420 787 ex
1460 746 1618 788 finistro
1654 749 1697 789 in

109 812 306 852 dextrum
343 807 628 849 ventriculum
664 808 975 849 transeuntibus
1014 808 1130 849 fibris
1167 809 1209 849 in
1246 810 1448 852 cordibus
1473 811 1555 852 illis
1578 823 1697 866 tege-

107 874 255 925 batur,
309 873 558 926 faciliusque
595 872 636 912 in
673 885 721 912 ea
757 872 877 924 sede,
927 874 1082 926 pariter
1117 886 1162 913 ac
1198 874 1240 914 in
1277 876 1416 916 media
1453 876 1568 917 striae
1604 890 1698 930 par-

104 948 173 991 te,
227 936 453 979 ventriculi
499 950 520 978 a
564 936 603 977 se
650 946 800 977 mutuo
837 937 1012 991 separari
1057 947 1269 991 poterant.
1355 939 1545 980 Videtur
1591 953 1695 993 ergo

104 1003 210 1045 haec
256 1015 350 1056 pars
395 1001 511 1041 striae
547 1001 626 1041 effe
670 1001 911 1054 fingularis,
968 1014 1047 1055 qua
1083 1002 1319 1042 constanter
1354 1004 1578 1043 ventriculi
1616 1005 1698 1043 rni-

103 1080 182 1108 nus
219 1068 352 1117 audie,
413 1077 538 1118 quam
573 1064 614 1103 in
650 1075 766 1116 parre
801 1065 1072 1118 praecedenti
1107 1074 1150 1104 et
1186 1066 1227 1104 in
1264 1066 1429 1118 prima,
1480 1066 1559 1108 bafi
1595 1080 1698 1122 pro-

103 1131 244 1185 piori,
282 1137 397 1182 parte
435 1126 768 1180 coniunguntur.
839 1128 902 1170 Vt
936 1141 988 1168 eo
1026 1127 1165 1168 minus
1201 1142 1306 1182 ergo
1345 1130 1498 1171 mirum
1536 1131 1606 1182 ᾖε,
1641 1132 1694 1184 fi,

104 1195 224 1236 velut
268 1195 311 1232 in
353 1192 437 1232 hoc
483 1191 638 1239 corde,
691 1192 831 1243 apices
872 1191 1214 1232 ventriculorum
1255 1193 1425 1246 prorsus
1462 1208 1484 1235 a
1519 1195 1557 1235 se
1599 1208 1694 1235 mu-

107 1264 200 1297 tuo·
221 1255 392 1309 separati
427 1253 717 1293 inueniuntur.

298 1414 368 1454 An
412 1412 497 1453 hoc
539 1422 707 1455 naturae
751 1412 1008 1467 institutum,
1059 1424 1106 1456 vt
1148 1416 1190 1456 in
1234 1415 1413 1470 fingulas
1456 1417 1530 1458 has
1575 1418 1691 1462 strIae

104 1488 241 1535 partes
279 1477 428 1530 singuli
465 1478 636 1518 ordines
673 1478 872 1519 fibrarum
908 1479 1170 1521 inserantur?
1207 1480 1270 1522 Vt
1304 1491 1465 1535 partem
1503 1482 1693 1537 superio-

107 1557 222 1595 rem,
258 1542 325 1582 seu
363 1541 667 1594 posteriorem,
718 1556 841 1597 quam
879 1544 1047 1585 tranfire
1083 1545 1213 1585 fibrae
1249 1545 1407 1597 solent,
1461 1548 1570 1588 ordo
1606 1550 1692 1602 pri-

106 1622 226 1659 mus,
265 1607 472 1657 mediam,
517 1619 598 1658 qua
634 1607 675 1646 in
712 1608 874 1660 septum
911 1607 1004 1648 illae
1040 1608 1078 1648 se
1117 1609 1394 1662 demergunt,
1446 1611 1689 1662 secundus„

102 1673 350 1713 inferiorem
389 1670 571 1722 denique
608 1671 753 1711 tertius
792 1682 976 1724 occupet
1013 1673 1121 1713 ordo
1165 1672 1389 1726 fibrarum7
1443 1686 1611 1727 quartus
1650 1676 1687 1717 se

103 1736 280 1789 recipiat
315 1734 386 1774 sub
423 1733 627 1774 tertium?
664 1734 788 1775 Nihil
824 1736 928 1776 certi
964 1736 1162 1777 haeremus
1198 1738 1340 1777 video.
1410 1738 1468 1778 Et
1506 1754 1610 1792 quae
1647 1741 1687 1780 in

104 1801 279 1842 caeteris
325 1799 527 1838 cordibus
574 1797 791 1838 obseruaui
839 1801 1074 1841 consentire
1118 1802 1260 1854 potius
1297 1815 1392 1841 cum
1431 1803 1555 1843 huius
1593 1817 1690 1843 cor-

105 1866 168 1907 dis
216 1864 408 1904 struc'iura
444 1862 527 1901 visa
571 1862 676 1901 sunt.
762 1863 863 1904 Non
908 1874 1040 1905 totam
1082 1865 1341 1917 superiorem
1381 1864 1446 1904 seu
1486 1867 1690 1919 posterio-

106 1941 196 1971 rem
232 1935 394 1981 partcm
438 1925 551 1965 striae
605 1927 765 1979 primus
810 1929 920 1969 ordo
957 1942 1165 1982 occupare
1204 1930 1270 1968 sua
1305 1929 1533 1970 insertione
1570 1932 1689 1972 vide-

1544 1994 1689 2048 batur,

153 2142 189 2181 a)
217 2139 292 2174 Tab
330 2139 383 2171 VI.
411 2148 461 2180 44.
490 2148 538 2181 45.
567 2139 620 2180 46.
649 2148 695 2173 12.

152 2199 186 2245 b)
216 2199 298 2234 Tab.
321 2200 364 2233 VI
401 2208 446 2234 12.
475 2209 506 2242 7.
535 2210 605 2233 100.
656 2196 747 2232 Tab.
777 2197 830 2233 IX.
858 2196 880 2233 f.
908 2211 960 2233 20.
986 2211 1036 2242 74.

164 2281 284 2324 Noua
304 2282 407 2323 Acta
425 2279 556 2322 Acad.
578 2279 680 2335 Imp.
701 2279 769 2321 Sc.
791 2279 895 2321 Tem.
918 2280 1037 2321 VIII.
1312 2281 1350 2322 Y
1386 2296 1413 2334 y
