<?xml version="1.0" encoding="UTF-8"?>
<!DOCTYPE html PUBLIC "-//W3C//DTD XHTML 1.0 Transitional//EN"
    "http://www.w3.org/TR/xhtml1/DTD/xhtml1-transitional.dtd">
<html xmlns="http://www.w3.org/1999/xhtml" xml:lang="en" lang="en">
 <head>
  <title>
</title>
<meta http-equiv="Content-Type" content="text/html;charset=utf-8" />
  <meta name='ocr-system' content='tesseract 3.04.00' />
  <meta name='ocr-capabilities' content='ocr_page ocr_carea ocr_par ocr_line ocrx_word'/>
</head>
<body>
  <div class='ocr_page' id='page_1' title='image "./novaactaacademia08impe_0234.png"; bbox 0 0 2080 2682; ppageno 0'>
   <div class='ocr_carea' id='block_1_1' title="bbox 895 161 1429 220">
    <p class='ocr_par' dir='ltr' id='par_1_1' title="bbox 895 161 1429 220">
     <span class='ocr_line' id='line_1_1' title="bbox 895 161 1429 220; baseline 0 -16"><span class='ocrx_word' id='word_1_1' title='bbox 895 177 1053 204; x_wconf 74' lang='lat'><em>.·-=--</em></span> <span class='ocrx_word' id='word_1_2' title='bbox 1087 161 1429 220; x_wconf 79' lang='lat'><em>(140)===</em></span> 
     </span>
    </p>
   </div>
   <div class='ocr_carea' id='block_1_2' title="bbox 400 307 1930 580">
    <p class='ocr_par' dir='ltr' id='par_1_2' title="bbox 400 307 1930 580">
     <span class='ocr_line' id='line_1_2' title="bbox 400 307 1930 465; baseline -0.001 0"><span class='ocrx_word' id='word_1_3' title='bbox 400 387 708 465; x_wconf 85' lang='lat' dir='ltr'>CVRSV</span> <span class='ocrx_word' id='word_1_4' title='bbox 786 387 1071 462; x_wconf 85' lang='lat' dir='ltr'>NAVIS</span> <span class='ocrx_word' id='word_1_5' title='bbox 1118 307 1252 461; x_wconf 50' lang='grc' dir='ltr'>1&gt;ΙΕΝ</span> <span class='ocrx_word' id='word_1_6' title='bbox 1325 387 1930 464; x_wconf 84' lang='lat' dir='ltr'><strong>SPHAEROIDE</strong></span> 
     </span>
     <span class='ocr_line' id='line_1_3' title="bbox 854 504 1472 580; baseline -0.002 0"><span class='ocrx_word' id='word_1_7' title='bbox 854 504 1472 580; x_wconf 88' lang='lat' dir='ltr'><strong>ELLIPTICO·</strong></span> 
     </span>
    </p>
   </div>
   <div class='ocr_carea' id='block_1_3' title="bbox 928 679 1409 800">
    <p class='ocr_par' dir='ltr' id='par_1_3' title="bbox 928 679 1409 800">
     <span class='ocr_line' id='line_1_4' title="bbox 1068 679 1261 721; baseline -0.005 0"><span class='ocrx_word' id='word_1_8' title='bbox 1068 679 1261 721; x_wconf 69' lang='grc' dir='ltr'>Αυᾶοῑε</span> 
     </span>
     <span class='ocr_line' id='line_1_5' title="bbox 928 755 1409 800; baseline -0.002 0"><span class='ocrx_word' id='word_1_9' title='bbox 928 757 979 800; x_wconf 86' lang='lat' dir='ltr'>F.</span> <span class='ocrx_word' id='word_1_10' title='bbox 1016 756 1058 799; x_wconf 89' lang='lat' dir='ltr'>T.</span> <span class='ocrx_word' id='word_1_11' title='bbox 1094 755 1409 799; x_wconf 84' lang='lat' dir='ltr'><em>SCHVBERT.</em></span> 
     </span>
    </p>
   </div>
   <div class='ocr_carea' id='block_1_4' title="bbox 729 937 1599 993">
    <p class='ocr_par' dir='ltr' id='par_1_4' title="bbox 729 937 1599 993">
     <span class='ocr_line' id='line_1_6' title="bbox 729 937 1599 993; baseline 0 -13"><span class='ocrx_word' id='word_1_12' title='bbox 729 937 917 980; x_wconf 81' lang='lat' dir='ltr'>Conuent.</span> <span class='ocrx_word' id='word_1_13' title='bbox 953 940 1089 982; x_wconf 82' lang='lat' dir='ltr'>exhib.</span> <span class='ocrx_word' id='word_1_14' title='bbox 1127 943 1189 983; x_wconf 79' lang='lat' dir='ltr'>die</span> <span class='ocrx_word' id='word_1_15' title='bbox 1230 945 1285 980; x_wconf 93' lang='lat'>16</span> <span class='ocrx_word' id='word_1_16' title='bbox 1322 939 1411 980; x_wconf 82' lang='lat' dir='ltr'>Ian.</span> <span class='ocrx_word' id='word_1_17' title='bbox 1463 952 1599 993; x_wconf 87' lang='lat'>1792.</span> 
     </span>
    </p>
   </div>
   <div class='ocr_carea' id='block_1_5' title="bbox 1109 1136 1226 1191">
    <p class='ocr_par' dir='ltr' id='par_1_5' title="bbox 1109 1136 1226 1191">
     <span class='ocr_line' id='line_1_7' title="bbox 1109 1136 1226 1191; baseline 0.017 -15"><span class='ocrx_word' id='word_1_18' title='bbox 1109 1136 1146 1191; x_wconf 71' lang='grc' dir='ltr'>ς.</span> <span class='ocrx_word' id='word_1_19' title='bbox 1187 1150 1226 1178; x_wconf 88' lang='lat'>1.</span> 
     </span>
    </p>
   </div>
   <div class='ocr_carea' id='block_1_6' title="bbox 362 1227 1977 1362">
    <p class='ocr_par' dir='ltr' id='par_1_6' title="bbox 362 1227 1977 1362">
     <span class='ocr_line' id='line_1_8' title="bbox 362 1227 1977 1343; baseline 0.002 -61"><span class='ocrx_word' id='word_1_20' title='bbox 362 1227 634 1343; x_wconf 78' lang='lat' dir='ltr'>Vniuersa</span> <span class='ocrx_word' id='word_1_21' title='bbox 681 1254 744 1284; x_wconf 78' lang='lat' dir='ltr'>ars</span> <span class='ocrx_word' id='word_1_22' title='bbox 789 1240 972 1284; x_wconf 77' lang='lat' dir='ltr'>Nautica</span> <span class='ocrx_word' id='word_1_23' title='bbox 1014 1242 1098 1284; x_wconf 86' lang='lat' dir='ltr'>fine</span> <span class='ocrx_word' id='word_1_24' title='bbox 1145 1244 1395 1284; x_wconf 81' lang='lat' dir='ltr'>difficultate</span> <span class='ocrx_word' id='word_1_25' title='bbox 1441 1245 1588 1285; x_wconf 84' lang='lat' dir='ltr'>reduci</span> <span class='ocrx_word' id='word_1_26' title='bbox 1634 1244 1770 1298; x_wconf 88' lang='lat' dir='ltr'>potest</span> <span class='ocrx_word' id='word_1_27' title='bbox 1817 1245 1868 1286; x_wconf 86' lang='lat' dir='ltr'>ad</span> <span class='ocrx_word' id='word_1_28' title='bbox 1913 1244 1977 1287; x_wconf 85' lang='lat' dir='ltr'>se-</span> 
     </span>
     <span class='ocr_line' id='line_1_9' title="bbox 506 1307 1977 1362; baseline 0 -14"><span class='ocrx_word' id='word_1_29' title='bbox 506 1322 640 1362; x_wconf 86' lang='lat' dir='ltr'>quens</span> <span class='ocrx_word' id='word_1_30' title='bbox 677 1307 935 1349; x_wconf 80' lang='lat' dir='ltr'>Problema:</span> <span class='ocrx_word' id='word_1_31' title='bbox 990 1307 1098 1348; x_wconf 73' lang='lat' dir='ltr'>Dato</span> <span class='ocrx_word' id='word_1_32' title='bbox 1124 1309 1208 1362; x_wconf 73' lang='lat' dir='ltr'>filu</span> <span class='ocrx_word' id='word_1_33' title='bbox 1244 1309 1406 1348; x_wconf 73' lang='lat' dir='ltr'>duorum</span> <span class='ocrx_word' id='word_1_34' title='bbox 1441 1308 1638 1359; x_wconf 73' lang='lat' dir='ltr'>Iocorum,</span> <span class='ocrx_word' id='word_1_35' title='bbox 1684 1310 1853 1349; x_wconf 66' lang='lat' dir='ltr'>emunire</span> <span class='ocrx_word' id='word_1_36' title='bbox 1889 1322 1977 1349; x_wconf 77' lang='lat' dir='ltr'>cur-</span> 
     </span>
    </p>
   </div>
   <div class='ocr_carea' id='block_1_7' title="bbox 351 1372 1980 2271">
    <p class='ocr_par' dir='ltr' id='par_1_7' title="bbox 351 1372 1980 2271">
     <span class='ocr_line' id='line_1_10' title="bbox 351 1372 1979 1430; baseline 0.001 -17"><span class='ocrx_word' id='word_1_37' title='bbox 351 1373 446 1430; x_wconf 83' lang='lat' dir='ltr'>sum</span> <span class='ocrx_word' id='word_1_38' title='bbox 481 1375 593 1414; x_wconf 77' lang='lat' dir='ltr'><em>nauis</em></span> <span class='ocrx_word' id='word_1_39' title='bbox 630 1374 925 1424; x_wconf 68' lang='lat' dir='ltr'>intermedium,</span> <span class='ocrx_word' id='word_1_40' title='bbox 961 1372 1045 1414; x_wconf 76' lang='lat' dir='ltr'>siue</span> <span class='ocrx_word' id='word_1_41' title='bbox 1083 1375 1288 1427; x_wconf 62' lang='lat' dir='ltr'>angulum</span> <span class='ocrx_word' id='word_1_42' title='bbox 1325 1373 1609 1424; x_wconf 75' lang='lat' dir='ltr'>constantem,</span> <span class='ocrx_word' id='word_1_43' title='bbox 1647 1373 1718 1413; x_wconf 88' lang='lat' dir='ltr'>sub</span> <span class='ocrx_word' id='word_1_44' title='bbox 1760 1387 1845 1427; x_wconf 83' lang='lat' dir='ltr'>quo</span> <span class='ocrx_word' id='word_1_45' title='bbox 1883 1387 1979 1414; x_wconf 90' lang='lat' dir='ltr'>om-</span> 
     </span>
     <span class='ocr_line' id='line_1_11' title="bbox 360 1437 1980 1490; baseline -0.001 -9"><span class='ocrx_word' id='word_1_46' title='bbox 360 1451 437 1481; x_wconf 86' lang='lat' dir='ltr'>nes</span> <span class='ocrx_word' id='word_1_47' title='bbox 474 1438 741 1480; x_wconf 79' lang='lat' dir='ltr'>Meridianos</span> <span class='ocrx_word' id='word_1_48' title='bbox 780 1441 888 1480; x_wconf 81' lang='lat' dir='ltr'>secat</span> <span class='ocrx_word' id='word_1_49' title='bbox 925 1440 1100 1479; x_wconf 58' lang='lat' dir='ltr'>directio</span> <span class='ocrx_word' id='word_1_50' title='bbox 1139 1440 1285 1490; x_wconf 71' lang='lat' dir='ltr'>nauis,</span> <span class='ocrx_word' id='word_1_51' title='bbox 1339 1437 1616 1479; x_wconf 83' lang='lat' dir='ltr'><strong>describentis</strong></span> <span class='ocrx_word' id='word_1_52' title='bbox 1662 1438 1703 1479; x_wconf 89' lang='lat' dir='ltr'>in</span> <span class='ocrx_word' id='word_1_53' title='bbox 1743 1439 1843 1479; x_wconf 83' lang='lat' dir='ltr'>mari</span> <span class='ocrx_word' id='word_1_54' title='bbox 1882 1452 1980 1480; x_wconf 89' lang='lat' dir='ltr'>cur-</span> 
     </span>
     <span class='ocr_line' id='line_1_12' title="bbox 362 1502 1978 1558; baseline 0 -13"><span class='ocrx_word' id='word_1_55' title='bbox 362 1517 488 1553; x_wconf 72' lang='lat' dir='ltr'>vam,</span> <span class='ocrx_word' id='word_1_56' title='bbox 530 1517 636 1557; x_wconf 84' lang='lat' dir='ltr'>quae</span> <span class='ocrx_word' id='word_1_57' title='bbox 674 1503 807 1558; x_wconf 86' lang='lat' dir='ltr'>vulgo</span> <span class='ocrx_word' id='word_1_58' title='bbox 846 1503 1001 1544; x_wconf 86' lang='lat' dir='ltr'>dicitur</span> <span class='ocrx_word' id='word_1_59' title='bbox 1031 1502 1316 1544; x_wconf 81' lang='lat' dir='ltr'>Loxodromia.</span> <span class='ocrx_word' id='word_1_60' title='bbox 1388 1502 1554 1544; x_wconf 82' lang='lat' dir='ltr'>Omnes</span> <span class='ocrx_word' id='word_1_61' title='bbox 1593 1504 1745 1556; x_wconf 84' lang='lat' dir='ltr'>reliqui</span> <span class='ocrx_word' id='word_1_62' title='bbox 1784 1504 1897 1544; x_wconf 77' lang='lat' dir='ltr'>casus</span> <span class='ocrx_word' id='word_1_63' title='bbox 1934 1505 1978 1545; x_wconf 91' lang='lat' dir='ltr'>in</span> 
     </span>
     <span class='ocr_line' id='line_1_13' title="bbox 365 1568 1979 1622; baseline 0 -12"><span class='ocrx_word' id='word_1_64' title='bbox 365 1581 451 1610; x_wconf 85' lang='lat' dir='ltr'>arte</span> <span class='ocrx_word' id='word_1_65' title='bbox 489 1570 654 1611; x_wconf 84' lang='lat' dir='ltr'>nautica</span> <span class='ocrx_word' id='word_1_66' title='bbox 691 1580 996 1620; x_wconf 71' lang='lat' dir='ltr'>occurrentes,</span> <span class='ocrx_word' id='word_1_67' title='bbox 1049 1568 1333 1610; x_wconf 82' lang='lat' dir='ltr'>Problematis</span> <span class='ocrx_word' id='word_1_68' title='bbox 1372 1569 1496 1609; x_wconf 79' lang='lat' dir='ltr'>huius</span> <span class='ocrx_word' id='word_1_69' title='bbox 1534 1570 1688 1609; x_wconf 74' lang='lat' dir='ltr'>idonea</span> <span class='ocrx_word' id='word_1_70' title='bbox 1724 1568 1979 1622; x_wconf 80' lang='lat' dir='ltr'>applicatio-</span> 
     </span>
     <span class='ocr_line' id='line_1_14' title="bbox 365 1633 1979 1687; baseline 0.001 -13"><span class='ocrx_word' id='word_1_71' title='bbox 365 1647 418 1674; x_wconf 88' lang='lat' dir='ltr'>ne</span> <span class='ocrx_word' id='word_1_72' title='bbox 457 1634 525 1673; x_wconf 85' lang='lat' dir='ltr'>vel</span> <span class='ocrx_word' id='word_1_73' title='bbox 561 1636 690 1674; x_wconf 78' lang='lat' dir='ltr'>etiam</span> <span class='ocrx_word' id='word_1_74' title='bbox 734 1635 973 1673; x_wconf 74' lang='lat' dir='ltr'>iuuet-sione</span> <span class='ocrx_word' id='word_1_75' title='bbox 1022 1633 1143 1674; x_wconf 82' lang='lat' dir='ltr'>facile</span> <span class='ocrx_word' id='word_1_76' title='bbox 1191 1633 1429 1674; x_wconf 83' lang='lat' dir='ltr'>soluuntur.</span> <span class='ocrx_word' id='word_1_77' title='bbox 1514 1633 1698 1686; x_wconf 83' lang='lat' dir='ltr'>Mappae</span> <span class='ocrx_word' id='word_1_78' title='bbox 1739 1634 1979 1687; x_wconf 80' lang='lat' dir='ltr'>hydrogra-</span> 
     </span>
     <span class='ocr_line' id='line_1_15' title="bbox 365 1697 1978 1752; baseline 0.001 -14"><span class='ocrx_word' id='word_1_79' title='bbox 365 1698 518 1752; x_wconf 83' lang='lat' dir='ltr'>phicae</span> <span class='ocrx_word' id='word_1_80' title='bbox 557 1711 577 1738; x_wconf 86' lang='lat' dir='ltr'>a</span> <span class='ocrx_word' id='word_1_81' title='bbox 606 1697 835 1737; x_wconf 77' lang='lat' dir='ltr'>Merca-ore</span> <span class='ocrx_word' id='word_1_82' title='bbox 870 1698 1069 1737; x_wconf 83' lang='lat' dir='ltr'>inuentae</span> <span class='ocrx_word' id='word_1_83' title='bbox 1109 1697 1215 1737; x_wconf 86' lang='lat' dir='ltr'>nihil</span> <span class='ocrx_word' id='word_1_84' title='bbox 1251 1697 1361 1737; x_wconf 81' lang='lat' dir='ltr'>aliud</span> <span class='ocrx_word' id='word_1_85' title='bbox 1402 1697 1494 1737; x_wconf 88' lang='lat' dir='ltr'>sunt</span> <span class='ocrx_word' id='word_1_86' title='bbox 1530 1699 1601 1737; x_wconf 78' lang='lat' dir='ltr'>nisi</span> <span class='ocrx_word' id='word_1_87' title='bbox 1640 1699 1831 1737; x_wconf 60' lang='lat' dir='ltr'>eiusdem</span> <span class='ocrx_word' id='word_1_88' title='bbox 1872 1698 1978 1739; x_wconf 91' lang='lat' dir='ltr'>Pro-</span> 
     </span>
     <span class='ocr_line' id='line_1_16' title="bbox 366 1761 1979 1816; baseline 0.001 -12"><span class='ocrx_word' id='word_1_89' title='bbox 366 1762 565 1804; x_wconf 81' lang='lat' dir='ltr'>blematis</span> <span class='ocrx_word' id='word_1_90' title='bbox 602 1762 760 1802; x_wconf 89' lang='lat' dir='ltr'>solutio</span> <span class='ocrx_word' id='word_1_91' title='bbox 799 1761 938 1802; x_wconf 85' lang='lat' dir='ltr'>breuis</span> <span class='ocrx_word' id='word_1_92' title='bbox 986 1774 1062 1815; x_wconf 83' lang='lat' dir='ltr'>per</span> <span class='ocrx_word' id='word_1_93' title='bbox 1098 1761 1480 1813; x_wconf 60' lang='lat' dir='ltr'>construetionem7</span> <span class='ocrx_word' id='word_1_94' title='bbox 1534 1762 1601 1802; x_wconf 87' lang='lat' dir='ltr'>seu</span> <span class='ocrx_word' id='word_1_95' title='bbox 1646 1763 1855 1816; x_wconf 70' lang='lat' dir='ltr'>proiectio</span> <span class='ocrx_word' id='word_1_96' title='bbox 1891 1764 1979 1805; x_wconf 87' lang='lat' dir='ltr'>Lo-</span> 
     </span>
     <span class='ocr_line' id='line_1_17' title="bbox 366 1827 1976 1880; baseline 0.001 -11"><span class='ocrx_word' id='word_1_97' title='bbox 366 1827 625 1869; x_wconf 82' lang='lat' dir='ltr'>xodromiae</span> <span class='ocrx_word' id='word_1_98' title='bbox 663 1827 704 1867; x_wconf 90' lang='lat' dir='ltr'>in</span> <span class='ocrx_word' id='word_1_99' title='bbox 742 1827 898 1868; x_wconf 84' lang='lat' dir='ltr'>lineam</span> <span class='ocrx_word' id='word_1_100' title='bbox 937 1827 1117 1879; x_wconf 62' lang='lat' dir='ltr'>restam,</span> <span class='ocrx_word' id='word_1_101' title='bbox 1165 1828 1532 1880; x_wconf 81' lang='lat' dir='ltr'>quemadmodum</span> <span class='ocrx_word' id='word_1_102' title='bbox 1573 1828 1678 1867; x_wconf 74' lang='lat' dir='ltr'>infra</span> <span class='ocrx_word' id='word_1_103' title='bbox 1716 1827 1976 1870; x_wconf 85' lang='lat' dir='ltr'>videbimus.</span> 
     </span>
     <span class='ocr_line' id='line_1_18' title="bbox 368 1891 1976 1948; baseline 0.001 -15"><span class='ocrx_word' id='word_1_104' title='bbox 368 1891 514 1934; x_wconf 84' lang='lat' dir='ltr'>Cardo</span> <span class='ocrx_word' id='word_1_105' title='bbox 551 1893 695 1946; x_wconf 84' lang='lat' dir='ltr'>itaque</span> <span class='ocrx_word' id='word_1_106' title='bbox 731 1892 790 1932; x_wconf 88' lang='lat' dir='ltr'>rei</span> <span class='ocrx_word' id='word_1_107' title='bbox 828 1891 1015 1932; x_wconf 83' lang='lat' dir='ltr'>versatur</span> <span class='ocrx_word' id='word_1_108' title='bbox 1050 1892 1090 1931; x_wconf 92' lang='lat' dir='ltr'>in</span> <span class='ocrx_word' id='word_1_109' title='bbox 1129 1892 1449 1934; x_wconf 79' lang='lat' dir='ltr'>determinanda</span> <span class='ocrx_word' id='word_1_110' title='bbox 1487 1904 1615 1932; x_wconf 85' lang='lat' dir='ltr'>curua</span> <span class='ocrx_word' id='word_1_111' title='bbox 1634 1892 1976 1948; x_wconf 74' lang='lat' dir='ltr'>Loxodromica,</span> 
     </span>
     <span class='ocr_line' id='line_1_19' title="bbox 368 1956 1975 2011; baseline 0 -13"><span class='ocrx_word' id='word_1_112' title='bbox 368 1958 421 1998; x_wconf 86' lang='lat' dir='ltr'>de</span> <span class='ocrx_word' id='word_1_113' title='bbox 459 1970 541 2011; x_wconf 79' lang='lat' dir='ltr'>qua</span> <span class='ocrx_word' id='word_1_114' title='bbox 577 1969 709 2010; x_wconf 90' lang='lat' dir='ltr'>quum</span> <span class='ocrx_word' id='word_1_115' title='bbox 745 1958 828 1998; x_wconf 80' lang='lat' dir='ltr'>iam</span> <span class='ocrx_word' id='word_1_116' title='bbox 865 1957 970 1998; x_wconf 87' lang='lat' dir='ltr'>olim</span> <span class='ocrx_word' id='word_1_117' title='bbox 994 1956 1256 1998; x_wconf 75' lang='lat' dir='ltr'>Academiae</span> <span class='ocrx_word' id='word_1_118' title='bbox 1293 1970 1314 2000; x_wconf 88' lang='lat' dir='ltr'>a</span> <span class='ocrx_word' id='word_1_119' title='bbox 1351 1970 1418 1998; x_wconf 88' lang='lat' dir='ltr'>me</span> <span class='ocrx_word' id='word_1_120' title='bbox 1456 1957 1598 1998; x_wconf 78' lang='lat' dir='ltr'>oblata</span> <span class='ocrx_word' id='word_1_121' title='bbox 1636 1956 1683 1996; x_wconf 87' lang='lat' dir='ltr'>sit</span> <span class='ocrx_word' id='word_1_122' title='bbox 1714 1957 1975 2011; x_wconf 69' lang='lat' dir='ltr'>Dissertatio,</span> 
     </span>
     <span class='ocr_line' id='line_1_20' title="bbox 368 2021 1977 2076; baseline 0 -12"><span class='ocrx_word' id='word_1_123' title='bbox 368 2022 552 2076; x_wconf 83' lang='lat' dir='ltr'>figuram</span> <span class='ocrx_word' id='word_1_124' title='bbox 582 2021 744 2062; x_wconf 87' lang='lat' dir='ltr'>telluris</span> <span class='ocrx_word' id='word_1_125' title='bbox 766 2022 1024 2076; x_wconf 81' lang='lat' dir='ltr'>sphaericam</span> <span class='ocrx_word' id='word_1_126' title='bbox 1047 2024 1314 2076; x_wconf 73' lang='lat' dir='ltr'>supponens,</span> <span class='ocrx_word' id='word_1_127' title='bbox 1336 2022 1446 2064; x_wconf 81' lang='lat' dir='ltr'>haud</span> <span class='ocrx_word' id='word_1_128' title='bbox 1471 2022 1727 2076; x_wconf 82' lang='lat' dir='ltr'>superfluum</span> <span class='ocrx_word' id='word_1_129' title='bbox 1751 2023 1841 2063; x_wconf 85' lang='lat' dir='ltr'>fore</span> <span class='ocrx_word' id='word_1_130' title='bbox 1863 2025 1977 2064; x_wconf 87' lang='lat' dir='ltr'>exis-</span> 
     </span>
     <span class='ocr_line' id='line_1_21' title="bbox 370 2086 1975 2142; baseline 0 -15"><span class='ocrx_word' id='word_1_131' title='bbox 370 2087 544 2138; x_wconf 67' lang='lat' dir='ltr'>timavi,</span> <span class='ocrx_word' id='word_1_132' title='bbox 578 2086 605 2126; x_wconf 89' lang='lat' dir='ltr'>ss</span> <span class='ocrx_word' id='word_1_133' title='bbox 636 2087 744 2128; x_wconf 88' lang='lat' dir='ltr'>hanc</span> <span class='ocrx_word' id='word_1_134' title='bbox 769 2099 943 2141; x_wconf 83' lang='lat' dir='ltr'>quoque</span> <span class='ocrx_word' id='word_1_135' title='bbox 974 2087 1314 2142; x_wconf 75' lang='lat' dir='ltr'>disquisitionem</span> <span class='ocrx_word' id='word_1_136' title='bbox 1343 2088 1392 2129; x_wconf 79' lang='lat' dir='ltr'>ad</span> <span class='ocrx_word' id='word_1_137' title='bbox 1423 2088 1600 2140; x_wconf 78' lang='lat' dir='ltr'>figuram</span> <span class='ocrx_word' id='word_1_138' title='bbox 1630 2087 1864 2141; x_wconf 77' lang='lat' dir='ltr'>eilipticam</span> <span class='ocrx_word' id='word_1_139' title='bbox 1901 2101 1975 2127; x_wconf 89' lang='lat' dir='ltr'>ex-</span> 
     </span>
     <span class='ocr_line' id='line_1_22' title="bbox 372 2150 1975 2207; baseline -0.001 -16"><span class='ocrx_word' id='word_1_140' title='bbox 372 2153 608 2193; x_wconf 86' lang='lat' dir='ltr'>tenderem.</span> <span class='ocrx_word' id='word_1_141' title='bbox 672 2151 834 2207; x_wconf 79' lang='lat' dir='ltr'>Quodsi</span> <span class='ocrx_word' id='word_1_142' title='bbox 873 2153 987 2192; x_wconf 87' lang='lat' dir='ltr'>euim</span> <span class='ocrx_word' id='word_1_143' title='bbox 1027 2153 1067 2192; x_wconf 91' lang='lat' dir='ltr'>in</span> <span class='ocrx_word' id='word_1_144' title='bbox 1102 2151 1375 2207; x_wconf 80' lang='lat' dir='ltr'>Geographia</span> <span class='ocrx_word' id='word_1_145' title='bbox 1404 2153 1473 2193; x_wconf 82' lang='lat' dir='ltr'>vel</span> <span class='ocrx_word' id='word_1_146' title='bbox 1516 2152 1654 2203; x_wconf 77' lang='lat' dir='ltr'>aliqua</span> <span class='ocrx_word' id='word_1_147' title='bbox 1691 2151 1891 2205; x_wconf 82' lang='lat' dir='ltr'>speranda</span> <span class='ocrx_word' id='word_1_148' title='bbox 1928 2150 1975 2190; x_wconf 86' lang='lat' dir='ltr'>fit</span> 
     </span>
     <span class='ocr_line' id='line_1_23' title="bbox 371 2216 1973 2271; baseline 0 -16"><span class='ocrx_word' id='word_1_149' title='bbox 371 2216 530 2257; x_wconf 78' lang='lat' dir='ltr'>vtilitas</span> <span class='ocrx_word' id='word_1_150' title='bbox 556 2230 610 2258; x_wconf 85' lang='lat' dir='ltr'>ex</span> <span class='ocrx_word' id='word_1_151' title='bbox 637 2216 975 2258; x_wconf 77' lang='lat' dir='ltr'>consideratione</span> <span class='ocrx_word' id='word_1_152' title='bbox 1012 2217 1170 2271; x_wconf 83' lang='lat' dir='ltr'>figurae</span> <span class='ocrx_word' id='word_1_153' title='bbox 1208 2218 1372 2258; x_wconf 80' lang='lat' dir='ltr'>telluris</span> <span class='ocrx_word' id='word_1_154' title='bbox 1411 2218 1623 2270; x_wconf 81' lang='lat' dir='ltr'>ellipticae</span> <span class='ocrx_word' id='word_1_155' title='bbox 1661 2217 1973 2269; x_wconf 75' lang='lat' dir='ltr'>petenda‚110n</span> 
     </span>
    </p>
   </div>
   <div class='ocr_carea' id='block_1_8' title="bbox 374 2279 1975 2383">
    <p class='ocr_par' dir='ltr' id='par_1_8' title="bbox 374 2279 1975 2383">
     <span class='ocr_line' id='line_1_24' title="bbox 374 2279 1970 2338; baseline -0.003 -16"><span class='ocrx_word' id='word_1_156' title='bbox 374 2279 552 2337; x_wconf 80' lang='lat' dir='ltr'>dubito,</span> <span class='ocrx_word' id='word_1_157' title='bbox 605 2283 707 2336; x_wconf 89' lang='lat' dir='ltr'>quin</span> <span class='ocrx_word' id='word_1_158' title='bbox 752 2295 799 2324; x_wconf 81' lang='lat' dir='ltr'>ea</span> <span class='ocrx_word' id='word_1_159' title='bbox 843 2282 1106 2338; x_wconf 78' lang='lat' dir='ltr'>potissimum</span> <span class='ocrx_word' id='word_1_160' title='bbox 1152 2281 1203 2324; x_wconf 88' lang='lat' dir='ltr'>ad</span> <span class='ocrx_word' id='word_1_161' title='bbox 1237 2282 1356 2325; x_wconf 85' lang='lat' dir='ltr'>vsum</span> <span class='ocrx_word' id='word_1_162' title='bbox 1400 2283 1617 2324; x_wconf 84' lang='lat' dir='ltr'>nauticum</span> <span class='ocrx_word' id='word_1_163' title='bbox 1654 2281 1700 2321; x_wconf 85' lang='lat' dir='ltr'>fit</span> <span class='ocrx_word' id='word_1_164' title='bbox 1734 2279 1970 2320; x_wconf 81' lang='lat' dir='ltr'>referenda.</span> 
     </span>
     <span class='ocr_line' id='line_1_25' title="bbox 1890 2343 1975 2383; baseline 0.012 -1"><span class='ocrx_word' id='word_1_165' title='bbox 1890 2343 1975 2383; x_wconf 79' lang='lat' dir='ltr'>Rc-</span> 
     </span>
    </p>
   </div>
  </div>
 </body>
</html>
