2080 2682
905 179 1056 187 -ῄ-
1089 146 1246 204 (322)
1280 163 1433 188 ετ.-

373 275 466 315 tur;
504 262 648 307 omnia
687 261 912 315 destinata,
950 265 1074 307 variis
1112 264 1278 306 vicibus
1318 264 1520 318 obtenta,
1557 262 1770 306 miscenda
1796 274 1838 306 et
1873 266 1979 319 hye-

370 331 472 375 mali
525 338 722 382 tempore
766 328 1082 371 vehementiori
1131 330 1280 384 frigori
1325 329 1582 385 exponenda
1635 331 1761 370 sunt:
1814 333 1975 385 peraeta

371 397 548 438 demum
594 392 963 445 crystallisatione,
1017 396 1151 435 muria
1198 395 1305 435 aceti
1349 392 1400 436 ab
1446 395 1553 436 aceti
1591 393 1791 447 crystallis
1837 397 1973 449 probe

372 461 634 502 decantetur.
702 458 844 498 Muria
883 459 986 499 haec
1024 472 1044 499 a
1082 458 1283 510 crystallis
1322 460 1564 513 decantata,
1608 460 1635 500 fi
1673 460 1849 501 dimidia
1885 461 1976 501 eius

369 538 466 580 pars
505 524 690 566 debilior
727 523 928 564 le11ifl‘1ma
966 523 1247 565 destillatione
1284 524 1551 578 abstrahitur,
1587 538 1724 566 nouae
1762 525 1981 578 crystallo-

369 604 467 632 rum
506 589 757 631 formationi
795 600 888 643 apta
924 590 1132 630 redditur.

568 703 661 744 Hac
707 703 920 744 methodo
966 716 1021 744 ex
1067 703 1282 745 alcoholis
1329 704 1437 746 aceti
1475 704 1635 758 frigore
1672 704 1723 746 ad
1767 718 1820 756 19
1859 704 1983 745 forti-

373 770 533 812 tudinis
577 769 731 823 gradus
778 769 933 809 redafii
986 768 1104 810 libris
1156 783 1210 809 10
1257 782 1332 823 per
1380 782 1434 808 12
1482 770 1647 810 dierum
1706 770 1983 810 interuallum

375 834 728 877 destillationibus
774 846 796 874 e
842 833 1005 874 duabus
1051 834 1220 875 retortis
1270 835 1393 888 super
1440 845 1461 884 5
1510 834 1747 875 carbonum
1792 835 1982 889 pulueris

371 901 501 943 libras
542 899 768 956 quinquies
805 899 996 952 repetitis
1036 910 1092 948 38
1130 900 1273 940 vncias
1313 900 1421 941 aceti
1458 898 1808 952 crystallisabilis,
1853 910 1895 940 et
1930 912 1985 941 ex

371 967 439 1008 his
481 979 537 1006 20
575 964 684 1006 aceti
721 964 908 1018 glacialis
945 967 1088 1007 vncias
1126 965 1309 1006 obtinui.

571 1090 609 1144 ᾗ.
652 1099 690 1135 8.
759 1090 828 1131 De
874 1091 1086 1132 methodo
1131 1092 1202 1132 hic
1248 1091 1438 1145 exposita
1482 1092 1610 1131 ctiam
1652 1090 1869 1143 sequentia
1906 1103 1987 1131 no-

377 1156 500 1208 tasse,
536 1168 622 1195 non
661 1155 741 1193 erit
776 1156 978 1195 alienum.

409 1252 453 1307 a)
508 1250 641 1307 Quod
680 1251 720 1291 in
760 1250 839 1290 hac
877 1248 1106 1301 methodo,
1145 1250 1264 1290 cuius
1304 1249 1507 1289 benificio
1544 1258 1740 1299 acetum,
1776 1249 1858 1289 fine
1894 1249 1986 1289 vllo

572 1317 678 1358 alius
726 1315 921 1368 corporis
972 1313 1221 1364 connubio,
1276 1314 1325 1354 ad
1363 1316 1575 1354 summum
1622 1313 1986 1354 concentrationis

573 1381 752 1436 gradum
790 1379 1063 1434 perducitur,
1113 1379 1455 1434 pulcherrimum
1494 1379 1573 1431 est,
1611 1379 1652 1419 in
1688 1392 1743 1420 eo
1781 1378 1986 1428 consistit,

576 1447 695 1501 quod
732 1458 820 1485 vno
857 1445 1102 1498 eodemque
1141 1445 1313 1496 medio,
1370 1444 1606 1485 carbonum
1655 1445 1863 1497 puluere,
1914 1443 1993 1483 du-

575 1512 680 1564 plex
715 1506 810 1551 vsus
849 1510 1117 1561 obtineatur,
1155 1510 1261 1550 aceti
1300 1510 1500 1550 nimirum
1538 1519 1580 1550 et
1617 1508 1910 1550 coucentratio
1948 1515 1992 1548 et

579 1576 629 1617 ab
666 1575 915 1616 inhaerente
952 1585 1276 1629 empyreumate
1314 1575 1555 1629 deputatio.

418 1662 466 1717 b)
519 1661 588 1705 Sic
633 1672 675 1702 et
719 1661 1005 1713 crystallisatio
1051 1662 1159 1702 acidi
1212 1663 1319 1703 aceti
1372 1676 1459 1702 vno
1516 1675 1691 1715 quoque
1745 1660 1990 1713 eodemque

581 1736 778 1780 tempore
817 1737 898 1766 tam
935 1727 1140 1767 summam
1179 1728 1603 1778 concontrationem,
1660 1740 1785 1780 quam
1822 1724 1993 1778 perfec-

578 1791 770 1832 tiffimam
808 1792 1133 1845 depurationem
1172 1792 1326 1844 efficit,
1363 1792 1572 1846 fiquidem
1610 1793 1693 1832 hoc
1725 1794 1766 1832 in
1794 1789 1885 1830 casu
1916 1802 1990 1829 eae

581 1857 734 1909 etiam,
791 1870 895 1910 quae
944 1856 1200 1898 carbonibus
1238 1857 1287 1898 ab
1325 1867 1449 1898 aceto
1494 1857 1701 1910 segregari
1748 1864 1993 1909 nequeunt,

583 1932 723 1975 partes
771 1923 1085 1976 heterogeneae
1122 1925 1163 1962 in
1208 1922 1343 1963 muria
1388 1923 1493 1963 aceti
1539 1921 1775 1976 superstites
1811 1935 1833 1963 a
1869 1931 1993 1971 crys-

582 1986 692 2027 tallis
733 2001 856 2042 quam
903 1988 1195 2042 perfeffliffimc
1234 1989 1489 2042 separantur.

420 2078 465 2133 c)
503 2078 545 2121 Si
583 2088 746 2120 acetum
788 2080 947 2134 frigore
985 2089 1308 2122 concentratum
1348 2080 1471 2134 super
1506 2092 1587 2120 vna
1625 2077 1858 2119 carbonum
1896 2075 1989 2130 pul-

581 2145 691 2184 veris
729 2145 833 2186 libra
872 2145 1145 2198 abstrahitur,
1195 2148 1344 2201 quauis
1383 2146 1661 2187 destlllatione
1705 2156 1758 2181 10
1795 2153 1837 2183 et
1873 2138 1985 2193 quod

581 2211 794 2258 excurrit5
850 2211 876 2250 fi
915 2211 1036 2266 super
1073 2211 1234 2252 duabus
1274 2211 1419 2263 libris,
1469 2224 1549 2259 205
1603 2209 1629 2250 fi
1673 2210 1794 2262 super
1830 2204 1988 2254 tribuS,

587 2286 644 2323 30
683 2275 932 2317 obtinentur
969 2277 1076 2318 aceti
1117 2276 1408 2330 crystalmnbis
1438 2276 1690 2328 drachmae,
1720 2273 1775 2313 ita
1808 2279 1851 2310 vt
1876 2266 1991 2306 obti-

1852 2333 1989 2373 nenda
