2080 2682
890 161 1044 190 -·=-—-
1077 143 1235 200 (338)
1269 158 1422 186 =

934 258 1147 304 EXPER.
1209 259 1374 304 xxm.

550 332 716 383 Vnciae
761 337 835 380 sex
880 335 1038 379 florum
1085 340 1231 381 viridis
1277 340 1383 380 aeris
1420 337 1459 378 in
1504 336 1728 393 puluerem
1771 335 1964 380 redastoi

348 420 444 451 rum
481 406 773 448 destillatione
810 415 886 456 per
922 403 986 454 se,
1030 417 1085 454 19
1124 406 1347 444 drachmas
1386 405 1492 444 aceti
1539 404 1732 445 radicalis
1776 402 1828 443 fic
1867 402 1966 443 dieti

351 472 673 528 largiebantur,
728 481 905 524 quarum
952 468 1126 509 vltimae
1183 470 1289 510 duae
1336 479 1498 509 tantum
1545 482 1621 509 nec
1676 468 1747 509 nifi
1806 468 1966 521 frigore

359 551 444 587 155
488 537 697 590 graduum
738 533 955 587 cryi'tallos
996 534 1305 575 formauerunt.
1377 531 1605 575 Caeterum
1642 538 1683 574 in
1723 543 1844 574 aceto
1883 532 1970 572 hoe

357 603 552 644 coerulei
608 602 770 642 coloris
827 613 976 654 magna
1023 601 1150 640 etiam
1199 601 1260 640 vis
1307 599 1601 651 crystallorum
1649 599 1767 653 cupri
1820 594 1973 638 acetati

357 667 733 722 conspiciebatur,
770 667 943 719 hocque
981 665 1116 720 ipsum
1154 665 1210 706 est
1248 675 1416 706 acetum
1455 663 1562 705 illud
1599 664 1800 719 glaciale,
1853 660 1973 718 quod

358 732 430 776 Cl.
470 731 635 776 Comes
675 733 726 773 de
763 732 989 784 Lauragais
1026 732 1189 785 primus
1226 729 1484 771 Obseruauit.

559 864 687 905 Hisce
742 864 885 914 fastis,
940 862 1097 903 sciendi
1152 863 1360 917 cupidus,
1416 861 1596 903 liceatne
1641 858 1780 903 tartari
1825 856 1978 899 vitrio-

362 930 436 972 lati
483 929 775 983 supersaturati
820 930 922 970 loco
969 928 1048 969 alia
1093 928 1249 969 eodem
1297 927 1381 968 fine
1420 928 1662 968 substituere
1700 926 1793 967 salia
1837 924 1977 977 fleca,

363 994 584 1047 sequentia
637 993 795 1046 suscepi
852 993 1067 1044 pericula,
1121 1006 1255 1048 eaque
1303 993 1557 1034 nominatim
1604 1006 1702 1033 cum
1757 988 1979 1040 alumine,

369 1070 565 1100 cremore
596 1058 763 1110 tartari,
801 1057 925 1098 acido
961 1070 1071 1111 puro
1109 1058 1250 1099 tartari
1287 1068 1330 1101 et
1365 1059 1581 1100 mercurio
1619 1056 1847 1099 sublimato
1883 1065 1981 1094 cor-

369 1123 527 1165 rofino.

959 1217 1173 1258 EXPER.
1228 1218 1395 1259 XXIV.

567 1296 710 1340 Vncia
746 1309 826 1338 vna
872 1295 999 1336 sodae
1045 1295 1233 1336 acetosae
1272 1308 1369 1336 cum
1410 1293 1573 1336 duabus
1618 1291 1815 1335 aluminis
1863 1291 1985 1334 crudi

370 1362 508 1404 vnciis
554 1363 690 1417 probe
735 1363 891 1412 mixta,
946 1360 1196 1402 destillando
1235 1362 1398 1401 vuciam
1451 1373 1572 1400 vnam
1613 1358 1717 1399 aceti
1761 1356 1985 1398 lactescen-

374 1428 428 1468 tis
482 1428 716 1469 admodum
772 1427 988 1480 sulphurei
1045 1427 1206 1468 coloris
1262 1425 1546 1481 largiebatur,
1597 1427 1719 1466 cuius
1770 1421 1984 1465 fortitudo

375 1506 465 1535 non
501 1493 576 1535 nifi
617 1506 671 1533 12
710 1493 921 1548 graduum
958 1500 1062 1532 erat.

980 1588 1205 1661 EXPERJ
1247 1619 1392 1662 xxv.

595 1697 734 1739 Sodae
781 1697 973 1739 acetosae
1013 1697 1138 1737 vncia
1184 1710 1263 1738 vna
1316 1710 1413 1737 cum
1462 1694 1624 1737 duabus
1672 1692 1869 1736 aluminis
1912 1690 1988 1734 vsti

379 1761 541 1813 wichs,
597 1762 878 1803 destillatione
928 1764 1149 1802 drachmas
1200 1762 1301 1802 duas
1349 1774 1446 1803 cum
1498 1774 1552 1799 20
1591 1761 1729 1814 granis
1776 1759 1882 1799 aceti
1931 1767 1988 1804 28

383 1828 593 1882 graduum
630 1827 730 1869 flaui
767 1827 929 1870 coloris
966 1837 1009 1868 et
1044 1826 1343 1869 nauseosiiiimi
1382 1827 1530 1868 odoris
1567 1824 1876 1880 suppeditabat.

965 1954 1176 1997 EXPER.
1230 1955 1397 1998 XXVI.

578 2031 650 2073 Ex
698 2031 895 2073 aluminis
945 2033 1174 2074 moderato
1220 2034 1318 2088 igne
1365 2045 1473 2086 aqua
1519 2028 1871 2082 crystallisationis
1908 2027 1995 2083 pri-

386 2098 472 2139 vati
508 2098 642 2139 vnciis
682 2113 713 2148 4
748 2111 845 2137 cum
885 2097 1009 2138 sodae
1047 2100 1235 2139 acetoiae
1290 2100 1388 2153 igne
1428 2098 1609 2149 liquatae
1655 2109 1709 2135 12
1748 2095 1993 2141 drachmis,

393 2175 447 2201 10
488 2162 709 2204 drachmas
749 2175 844 2202 cum
885 2163 1058 2203 dimidia
1098 2165 1203 2204 aceti
1245 2176 1301 2204 20
1339 2164 1576 2219 graduum,
1612 2162 1782 2217 limpidi
1821 2159 1990 2214 quidem

390 2227 460 2267 scd
495 2227 648 2283 ingrati
685 2229 834 2271 odoris
873 2227 1127 2271 consecutus
1174 2228 1280 2270 sum.

1873 2327 1994 2386 Quae
