2080 2682
684 137 839 167 εξ
871 114 1027 174 (347)
1060 133 1212 163 =

891 264 934 308 D
955 265 994 307 E

235 356 493 412 ORDINE
522 356 561 410 F
563 355 847 410 lBRARVM
879 355 1371 410 MVSCVLARIVM
1404 353 1661 412 CORDIS.

605 465 1131 526 Dissertatio
1204 464 1283 524 X.

895 586 990 629 DE

145 678 595 754 STRATO
638 679 1132 754 SECVNDO
1174 677 1737 757 FIBRARVM

509 799 987 864 ¹VENTRICVLI
1037 799 1374 860 SINISTRL

786 903 994 959 PARS
1042 904 1101 957 II.

833 1053 1027 1095 Austore

717 1121 767 1166 C.
811 1124 862 1166 F.
908 1123 1157 1173 WOLFF,

480 1320 666 1362 Conuent.
705 1321 838 1363 exhib.
874 1323 937 1363 die
967 1333 1022 1372 27
1057 1320 1222 1363 Οέῗοόν.
1262 1334 1398 1374 1791.

460 1533 647 1597 Quattuor
671 1535 871 1590 fibrarum
892 1535 1020 1591 strati
1042 1534 1206 1590 secundi
1240 1535 1411 1579 ordines]

138 1622 408 1738 Fibrarum
444 1642 553 1685 strati
590 1644 759 1686 secundi
796 1644 1141 1700 dispofitionem.,
1178 1645 1415 1699 analogiam
1452 1656 1596 1685 earum
1633 1656 1732 1686 cum

258 1707 374 1749 fibris
410 1710 623 1761 externis,
675 1720 718 1751 et
754 1710 1033 1752 differentiam
1071 1710 1120 1752 ab
1158 1710 1337 1761 iisdem,
1392 1709 1546 1750 deinde
1589 1719 1733 1751 ortum

138 1772 339 1814 fibrarum
378 1773 501 1814 huius
539 1773 674 1826 strati,
712 1787 854 1815 earum
889 1775 1152 1830 progressum
1188 1784 1230 1815 et
1266 1774 1569 1825 cinationem,
1614 1773 1733 1813 deni-

143 1849 226 1891 que
262 1837 535 1877 insertionem
571 1839 613 1877 in
650 1838 913 1891 vniuersum.,
950 1850 993 1880 et
1030 1852 1135 1893 quae
1171 1851 1302 1891 porro
1338 1838 1388 1878 ab
1426 1837 1490 1877 his
1527 1837 1731 1890 pendent,

142 1902 186 1942 in
239 1900 373 1953 prima
416 1910 532 1953 parte
577 1901 701 1941 huius
746 1903 1041 1944 dissertationis
1094 1902 1289 1955 exposui.
1374 1899 1555 1954 Reliqua
1603 1913 1731 1955 quae-

143 1966 241 2006 dam
277 1963 368 2004 sunt
405 1964 456 2004 de
491 1965 556 2005 his
594 1964 710 2005 fibris
745 1966 788 2007 in
823 1969 1069 2009 vniuersum
1107 1966 1311 2016 dicenda,
1366 1978 1472 2018 quae
1509 1978 1620 2005 nunc
1657 1965 1732 2006 ad-

141 2030 254 2071 dam.
339 2027 416 2070 Vti
460 2029 691 2082 generatim
734 2030 948 2085 fingularis
987 2041 1030 2073 et
1065 2031 1170 2071 mira
1213 2029 1405 2084 analogia
1439 2029 1549 2070 inter
1589 2038 1732 2070 exter-

141 2107 245 2135 num
281 2101 323 2134 et
357 2091 585 2133 secundum
623 2093 819 2146 stratum,
852 2095 969 2136 ficuti
1005 2105 1047 2136 et
1081 2096 1191 2135 inter
1227 2104 1415 2146 caetera,
1453 2107 1558 2148 quae
1594 2107 1728 2148 porro

142 2161 392 2214 sequuntur,
428 2157 676 2205 intercedit3
715 2159 862 2200 diuifio
890 2160 1016 2201 etiam
1044 2159 1245 2199 fibrarum
1282 2159 1390 2199 strati
1426 2157 1596 2199 secundi
1633 2171 1729 2211 per-

147 2237 273 2280 quam
308 2221 453 2263 similis
490 2221 546 2263 est
588 2230 856 2265 externarum
899 2224 1101 2266 fibrarum
1145 2222 1352 2267 diuisioni.
1439 2222 1599 2266 Pariter
1635 2222 1730 2263 illae

910 2287 997 2332 Xx
1034 2299 1061 2346 a
1603 2296 1729 2344 atque
