2080 2682
889 150 1041 157 --
1077 116 1233 173 (368)
1268 149 1419 156 ...-

547 233 584 287 §.
629 246 673 283 9.
758 231 935 285 Insignis
975 233 1188 275 interdum
1227 232 1523 286 crystallorum
1559 230 1709 273 harum
1745 232 1957 286 magnitu-

351 299 408 341 do
445 298 514 339 est.
585 297 655 338 Ex
690 295 865 353 saturata
905 310 1087 352 quatuor
1122 299 1215 340 salis
1253 311 1496 339 comt-hunis
1534 296 1737 338 librarum
1781 296 1958 339 solutio-

350 377 402 403 ne
442 363 603 416 frigore
640 375 661 402 τι
695 375 782 413 149
807 355 872 402 'ad
915 376 1002 415 172
1039 377 1175 418 Vsque
1214 365 1367 418 gradus
1405 377 1481 417 per
1518 364 1833 404 nichtemerum
1869 362 1961 403 sen-

348 428 420 467 sim
479 427 714 481 senfimque
770 427 1059 480 increscente,
1113 441 1194 468 vna
1247 428 1591 479 crystallisatione
1647 428 1787 483 sesqui
1834 426 1961 467 libras

351 493 672 544 crystallorum,
728 493 888 532 formas
935 494 1184 546 hexagonas
1233 493 1561 545 exhibentium,
1615 494 1808 547 obtinui,
1863 503 1965 546 qua-

346 570 441 598 rum
481 557 711 599 nonnullae
750 557 948 599 diametri
985 568 1106 599 erant
1142 558 1327 599 duorum
1365 558 1593 613 pollicum.
1941 554 1945 560 ”

543 707 579 761 ᾗ.
620 721 691 747 10.
761 708 927 750 Notatu
965 718 1008 749 et
1042 709 1084 749 id
1124 710 1304 764 dignum
1343 708 1558 760 occurrit,
1611 709 1754 761 quod,
1805 708 1833 749 fi
1869 707 1961 750 salis

350 774 594 814 communis
650 773 806 814 solutio
851 775 1221 815 vehementiffimo
1278 775 1439 828 frigore
1487 774 1559 814 sub
1607 773 1961 825 crystallisationis

346 839 442 879 suae
487 838 656 878 initium
703 840 744 879 in
790 852 861 879 vas
906 840 1090 879 vitreum
1142 841 1255 881 aliud
1311 841 1397 881 cito
1445 839 1787 889 transfunditur,
1843 838 1965 879 breui

348 913 546 957 tempore
586 903 742 944 multae
781 905 1120 958 conspiciantur,
1159 918 1433 958 peromnem
1472 905 1689 959 liquorem
1729 903 1826 943 hinc
1864 903 1963 944 inde

348 978 564 1020 natantes,
621 969 801 1018 crystalli
843 970 1090 1022 hexagonae
1129 972 1373 1024 oblongae,
1419 983 1525 1023 quae
1564 970 1620 1009 ob
1658 969 1862 1010 eximiam
1900 977 1964 1008 te-

349 1033 555 1072 nuitatem
604 1042 723 1072 motu
762 1034 971 1073 leuiliimo
1010 1035 1188 1074 fundum
1227 1046 1405 1088 petunt,
1442 1045 1484 1074 et
1533 1035 1694 1076 ambitu
1733 1033 1853 1074 siu-iul
1890 1033 1964 1074 suo

352 1096 599 1137 sensibiliter
644 1096 861 1145 crescunt,
917 1099 1111 1148 acetique
1157 1100 1345 1151 glacialis
1392 1112 1536 1149 more,
1597 1113 1748 1139 omnes
1794 1099 1964 1140 colores

352 1162 622 1215 prismaticos
662 1173 788 1212 quam
825 1161 1117 1212 pulcherrime
1160 1168 1364 1202 reserunt-

552 1301 586 1354 ᾗ.
629 1313 700 1340 11.
774 1299 917 1356 Quem
956 1302 1134 1354 exposui
1172 1302 1213 1342 in
1263 1302 1620 1357 praecedentibus
1674 1301 1763 1343 salis
1818 1301 1969 1343 marini

357 1380 433 1422 per
470 1366 604 1420 frigus
642 1366 938 1418 crystallisandi
990 1370 1194 1419 nodum,
1248 1370 1282 1408 is
1321 1382 1477 1409 nouam
1528 1369 1650 1409 uobis
1690 1381 1871 1421 eamque
1910 1367 1970 1408 fa-

360 1433 488 1473 cilem
527 1432 720 1472 eiusdem
758 1431 849 1472 salis
890 1433 1123 1484 depuraudi
1163 1434 1419 1475 methodum
1469 1433 1720 1488 suppeditat.
1809 1431 1971 1474 Omnia

360 1498 502 1548 enim,
558 1496 712 1550 quibus
752 1497 806 1537 sal
843 1498 1030 1537 cul'uare
1068 1498 1337 1552 inquinatum
1377 1499 1544 1553 semper
1580 1499 1660 1550 est,
1715 1497 1808 1539 salia
1848 1498 1971 1538 hete-

360 1575 549 1615 rogeuea
586 1572 811 1615 partesque
850 1563 1057 1615 pingues,
1097 1566 1260 1617 perucia
1298 1565 1666 1617 crystallisutione,
1713 1563 1754 1603 in
1797 1563 1969 1616 liquore

360 1627 574 1680 superstite
613 1637 859 1677 remanent,
914 1639 955 1667 et
995 1641 1100 1680 quae
1140 1628 1339 1680 crystallis
1379 1640 1554 1670 externe
1593 1629 1820 1680 adhaeret,
1872 1641 1970 1681 pcr-

361 1692 517 1744 exigua
554 1691 854 1744 particularum
896 1692 1281 1746 heterogenearum
1321 1695 1470 1748 copia,
1508 1694 1734 1734 decantato
1770 1693 1968 1746 liquore,

362 1759 577 1810 separatur
623 1755 790 1808 omnis,
844 1755 1013 1796 simulac
1069 1759 1249 1809 crystalli
1303 1759 1425 1801 sacco
1478 1760 1614 1801 linteo
1667 1758 1870 1799 immissae
1924 1757 1968 1797 in

363 1822 465 1861 loco
504 1821 708 1861 calidiore
746 1822 787 1861 in
823 1834 1009 1874 aqueum
1047 1822 1263 1876 liquorem
1302 1825 1483 1876 abeunt,
1540 1837 1628 1879 quo
1665 1823 1738 1875 fit,
1791 1832 1837 1863 vt
1873 1821 1967 1864 satis

362 1899 515 1940 magna
550 1886 642 1926 salis
682 1887 806 1940 copia
845 1886 1065 1928 irresoluta
1102 1888 1174 1929 sub
1222 1890 1411 1943 pulueris
1458 1891 1597 1931 forma
1632 1889 1674 1929 in
1713 1887 1833 1929 sacco
1870 1887 1969 1928 refi-

362 1953 442 1991 dua
478 1952 739 2005 reperiatur,
777 1965 882 2005 quae
930 1952 1134 1994 exficcata
1179 1954 1429 1996 albissimum
1477 1965 1518 1996 et
1554 1954 1605 1996 ab
1644 1953 1846 1996 omnibus
1890 1952 1969 1994 he-

364 2017 606 2071 terogeneis
644 2016 769 2071 plane
806 2017 1033 2059 liberatum
1070 2018 1126 2059 sal
1163 2022 1372 2062 marinum
1410 2020 1600 2062 exhibet.

557 2170 593 2225 ᾗ.
655 2184 726 2211 12.
814 2171 883 2214 Sal
930 2187 1161 2216 commune
1209 2175 1408 2219 consueta
1461 2174 1675 2217 methodo
1720 2181 1764 2216 et
1807 2172 1965 2214 summa

367 2237 638 2289 quantumuis
686 2250 785 2301 cura
831 2239 1086 2294 depuratum
1132 2241 1297 2299 semper
1342 2252 1482 2284 tamen
1535 2240 1684 2285 salium
1728 2244 1964 2282 terreorum

1876 2310 1963 2340 non
