2080 2682
892 161 1047 175 ——
1079 132 1237 192 (350)
1269 145 1424 174 ===

363 266 504 312 vsque.
548 251 687 295 striam
740 250 971 295 insertione
1020 253 1091 296 sua
1134 262 1345 310 occupet3
1396 252 1444 307 α)
1498 248 1641 294 ἀυᾶιιί
1692 249 1967 308 propioribus

364 332 514 364 contra
559 318 800 361 transuerso
845 319 902 360 ita
945 319 987 359 in
1030 318 1217 361 secundo
1263 319 1463 374 procedit
1513 318 1666 371 strato,
1719 326 1766 359 vt
1805 329 1970 373 partem

362 388 530 427 tertiam
579 394 746 427 tantum
789 384 1069 438 posteriorem
1113 385 1232 426 striae
1277 384 1395 425 fibris
1432 384 1514 425 suis
1559 383 1722 425 insertis
1762 383 1970 438 recipiat,

358 449 407 505 b>
444 450 629 506 proinde
665 450 906 491 musculum
948 450 1079 503 longe
1124 451 1366 502 minorem,
1418 449 1488 490 sed
1540 449 1746 503 fimilem,
1797 448 1840 489 in
1887 448 1974 491 hoc

358 516 487 559 strato
524 516 715 558 secundo
752 515 924 557 efficiat.
1011 514 1081 558 Sic
1120 515 1232 556 ordo
1278 514 1487 556 secundus
1524 528 1546 556 a
1579 514 1657 556 filo
1693 513 1972 569 cartilagineo

359 582 564 624 anteriori
600 581 760 623 finistro
797 580 968 636 basique
1005 590 1150 622 aortae
1185 581 1227 622 in
1264 590 1450 635 vtroque
1487 579 1612 622 strato
1648 580 1808 629 oritur;
1846 587 1888 633 c)
1923 578 1977 620 fi-

359 648 446 689 bris
482 657 650 698 autem,
687 646 993 701 longitudinali
1031 646 1174 687 duc‘tui
1211 645 1496 700 propinquis,
1550 646 1714 700 apicem
1751 644 1894 686 versus
1930 642 1975 685 in

356 713 486 755 strato
521 724 706 754 externo
744 713 958 763 decurrit,
1011 712 1054 753 in
1100 711 1436 765 fasciculumque
1479 710 1749 751 terminalem
1794 708 1973 750 inferio-

356 791 452 820 rem
497 782 536 820 le
573 779 738 827 inserit3
795 779 850 832 d)
904 778 1006 819 dum
1051 777 1194 819 ductui
1230 775 1510 831 propioribus
1548 776 1787 817 transuerso
1823 782 1975 816 contra

356 845 401 886 in
439 843 564 885 strato
602 844 790 885 secundo
826 844 877 885 ad
914 842 1101 884 mediam
1147 852 1310 897 partem
1357 842 1476 883 striae
1526 840 1735 896 pertingit
1778 840 1821 881 in
1857 851 1975 881 eam-

360 923 444 964 que
482 902 702 958 inseritur‚·
757 909 807 963 e)
840 907 1106 950 ‘musculum
1141 909 1299 964 pariter
1334 907 1516 949 similem
1551 907 1595 948 in
1631 917 1842 959 Vtroque,
1894 904 1977 946 mi-

359 988 512 1015 norem
559 985 701 1017 tamen
746 975 790 1015 in
828 974 1016 1015 secundo
1065 987 1188 1028 quam
1238 975 1280 1015 in
1325 983 1509 1015 externo
1553 972 1680 1014 strato
1726 970 1972 1012 efficiendo.

359 1039 542 1080 Tertius
595 1041 706 1080 ordo
743 1052 765 1079 a
807 1039 952 1091 pontis
1007 1040 1184 1092 regione
1228 1040 1270 1080 in
1317 1039 1442 1080 strato
1487 1046 1674 1092 vtroque
1720 1037 1872 1078 oritur.
1917 1033 1974 1092 f)

359 1102 525 1156 Fibris,
578 1104 629 1145 ad
676 1102 916 1156 marginem
961 1102 1149 1142 maxime
1187 1102 1228 1141 in
1267 1103 1440 1142 ductum
1476 1102 1840 1154 longitudinalem
1880 1113 1975 1142 cur-

358 1169 497 1218 vatis,
549 1169 717 1221 apicem
754 1166 895 1206 versus
936 1166 1155 1205 descendit
1189 1166 1233 1205 in
1270 1166 1395 1207 strato
1432 1174 1642 1216 externo,
1695 1165 1737 1204 in
1783 1176 1972 1218 eumque

359 1232 569 1274 inseritur.
606 1231 658 1285 g)
727 1229 1004 1270 Transuerfis
1041 1237 1218 1279 contra,
1259 1230 1587 1281 marginemque
1625 1228 1974 1280 transeuntibus,

357 1297 401 1339 in
441 1296 629 1338 secundo
666 1295 791 1337 strato
829 1295 879 1337 ad
918 1293 1056 1336 striam
1093 1291 1141 1345 h)
1177 1294 1402 1347 peruenit,
1438 1292 1481 1332 in
1519 1304 1703 1344 eamque
1739 1292 1779 1332 se
1816 1291 1974 1333 inserit.

361 1362 551 1419 Quartus
600 1361 788 1415 denique
824 1374 846 1401 a
881 1360 1040 1401 radiata
1086 1371 1238 1400 crenae
1284 1359 1462 1412 regione
1499 1367 1543 1398 et
1578 1371 1599 1399 a
1635 1355 1845 1398 fasciculis
1890 1365 1976 1398 ter-

358 1427 591 1470 minalibus
628 1427 670 1467 in
708 1426 833 1468 strato
869 1436 1055 1480 vtroque
1093 1434 1213 1465 ortus
1268 1425 1313 1478 i)
1369 1424 1412 1465 in
1457 1431 1643 1477 vtroque
1689 1423 1762 1464 sub
1799 1433 1975 1477 praece-

358 1494 536 1536 dentem
574 1493 772 1534 ordinem
812 1492 853 1533 se
888 1491 1065 1546 recipit,
1100 1489 1146 1543 k)
1171 1500 1300 1547 atque
1335 1489 1568 1532 insertione
1603 1487 1736 1543 igitur
1770 1500 1858 1531 non
1895 1485 1976 1528 mi-

359 1573 440 1603 nus
481 1572 609 1616 quarn
645 1568 743 1601 ortu
777 1556 855 1599 fibi
888 1556 1036 1598 similis
1072 1555 1144 1597 est.

1849 1637 1887 1679 F
1888 1638 1974 1681 uni-

405 1791 446 1834 α)
473 1788 564 1827 Tab.
591 1790 654 1826 Vl.
681 1802 716 1836 y.
744 1802 766 1835 9
807 1799 858 1826 10.
887 1801 925 1824 11.
953 1800 998 1824 12.

410 1850 451 1900 h)
480 1852 569 1889 Tab.
600 1854 661 1890 IX.
689 1853 712 1888 l.
738 1866 784 1894 m,
812 1866 843 1887 n·
871 1865 899 1886 c.
927 1864 960 1888 o.
988 1864 1016 1886 s.

407 1916 449 1963 c)
477 1916 563 1951 Tab.
594 1916 655 1955 IV.
681 1918 782 1967 Qp.
812 1927 853 1961 51.
881 1917 936 1950 60.
964 1916 1003 1960 65
1038 1915 1091 1957 67.
1142 1911 1230 1949 Tab.
1258 1913 1341 1950 Vn.
1367 1912 1413 1948 H.
1442 1911 1483 1949 G.
1508 1910 1544 1947 B.
1571 1912 1611 1947 E.

411 1978 449 2024 d)
480 1978 568 2023 Teb‚
598 1977 664 2014 Vl,
697 1988 749 2024 13.
779 1987 835 2017 23.
862 1990 909 2024 52.
937 1989 989 2024 75.

411 2040 448 2082 ι)
480 2040 562 2074 Tab.
594 2042 651 2074 IX.
678 2052 710 2087 p.
738 2051 769 2075 x.
798 2052 826 2088 q.
853 2051 882 2082 3.

403 2104 451 2153 s)
480 2105 568 2140 Tab.
597 2103 659 2138 1V.
690 2114 744 2153 73.
774 2115 829 2147 70.
882 2103 970 2144 Tab,
996 2105 1073 2142 Vll.
1099 2100 1126 2140 f.
1153 2103 1204 2146 36.
1233 2113 1279 2146 37.

411 2170 453 2213 g)
482 2167 573 2204 Tab.
600 2163 667 2200 IV.
696 2178 747 2210 77.
776 2173 824 2206 82.
854 2179 920 2213 ¹05·

413 2229 450 2270 h)
478 2231 563 2265 Tab.
591 2231 666 2265 Vll.
697 2237 736 2269 28
765 2242 819 2275 39.
872 2230 958 2264 Tab.
985 2231 1048 2265 IX.
1076 2242 1113 2267 x.
1138 2240 1180 2265 n.
1208 2241 1257 2263 10.
1289 2237 1332 2272 15.

415 2292 455 2332 i)
485 2291 570 2325 Tab.
598 2294 652 2330 IV,
681 2299 736 2335 84.
764 2302 818 2337 9‘3.
849 2305 903 2337 99.
955 2292 1026 2326 'rab
1068 2290 1143 2328 VH.
1172 2303 1220 2333 4¹-
1249 2300 1305 2334 44.
1335 2300 1386 2333 50.

412 2349 446 2394 k)
473 2351 557 2387 Tab.
587 2352 654 2391 IV.
684 2363 741 2398 92.
770 2365 819 2400 91,
845 2365 898 2399 97.
928 2357 983 2397 98,
1033 2352 1120 2388 Tah.
1145 2353 1219 2387 vn.
1246 2362 1294 2394 41-
1323 2361 1373 2393 43.
1435 2344 1522 2383 Tab.
1547 2345 1605 2382 IX.
1632 2345 1680 2382 16.
1707 2353 1752 2385 ¹7·
