2080 2682
648 136 799 152 --
831 117 986 174 (271)
1019 132 1170 148 --

110 231 317 289 musculi,
352 235 426 277 fibi
462 242 613 277 mutuo
648 233 972 285 incumbentes,
1008 231 1229 274 communi
1266 230 1468 276 cellulosa
1502 231 1700 287 obdunt,

111 297 349 351 eademque
385 301 506 341 fimul
540 301 647 339 inter
683 300 722 339 se
756 298 1064 353 conglutinati,
1102 312 1186 339 non
1217 298 1343 339 solito
1379 298 1530 351 modo,
1567 299 1701 340 veluti

110 363 161 403 ad
207 365 571 419 praeparationem
617 363 897 404 anatomicam
936 376 1045 417 opus
1081 363 1162 416 est,
1215 363 1349 404 ablata
1384 363 1524 404 cultro
1568 363 1703 404 cellu-

111 425 199 467 losa
243 429 504 483 separantur,
557 427 625 467 sed
674 428 816 481 digitis
860 427 1106 481 simpliciter
1147 427 1340 481 prehensi
1376 441 1398 469 a
1432 427 1472 468 se
1513 428 1702 468 inuicem

111 491 393 541 diducuntur;
444 493 487 532 in
532 491 711 531 similem
754 491 954 532 laminam
997 491 1124 532 latam
1168 505 1216 533 ea
1261 492 1488 533 cellulosae
1522 492 1701 546 portio,

112 566 194 608 qua
248 554 424 598 musculi
478 556 788 607 cohaerebant,
837 555 1098 596 extenditur.
1184 556 1380 597 Maxime
1431 556 1475 596 in
1526 557 1703 610 regione

108 618 290 662 lumbari
326 619 593 671 abdominis,
645 629 736 660 tum
772 627 815 659 et
849 620 892 660 in
928 619 1049 660 iliaca
1083 620 1194 659 inter
1228 622 1498 673 peritoneum
1534 629 1577 660 et
1610 634 1702 674 par·

108 690 199 737 tes,
249 693 367 726 retro
403 685 488 725 hoc
523 683 641 734 fitas,
685 696 837 734 renes,
892 682 1013 737 psoas
1051 682 1266 723 musculos
1303 684 1537 736 iliacosque
1573 685 1704 725 inter-

106 760 189 791 nos
226 748 409 790 laminae
444 747 660 789 eiusmodi
697 746 923 788 cellulosae
959 756 1188 801 apparent,
1234 747 1337 787 dum
1373 747 1644 800 peritoneum
1681 761 1704 790 a

109 811 230 854 dietis
274 812 463 867 partibus
507 810 698 853 subiec‘tis
741 811 978 853 abducitur.
1065 811 1109 853 Si
1144 820 1283 864 partes
1319 824 1339 851 a
1377 811 1416 851 se
1453 821 1603 853 mutuo
1640 813 1704 853 di-

111 876 329 918 ducendae
373 890 454 918 vna
506 888 605 918 cum
657 875 978 930 conglutinante
1034 875 1235 916 cellulosa
1285 874 1375 916 aliis
1428 876 1616 928 partibus
1660 883 1704 917 et

110 940 385 996 profundiori
421 941 648 981 cellulosae
682 940 960 991 incumbunt,
991 948 1037 979 vt
1072 952 1141 979 aer
1175 938 1375 991 vtrinque
1410 938 1519 979 liber
1555 941 1605 981 ad
1643 939 1704 980 la-

108 1006 269 1048 minam
315 1005 517 1045 accedere
561 1017 649 1045 non
695 1005 839 1057 poffit,·
894 1003 963 1043 hic
1009 1012 1149 1044 tamen
1186 1001 1344 1042 alicubi
1379 1001 1489 1042 inter
1523 1003 1705 1043 cellulo·

108 1069 193 1109 sam
241 1068 464 1108 subiectam
501 1076 544 1107 et
585 1067 784 1107 laminam
829 1066 1065 1118 irrumpere
1111 1077 1290 1117 eamque
1335 1064 1502 1106 eleuare
1538 1075 1581 1107 et
1616 1079 1705 1107 ma-

109 1144 211 1185 gnas
248 1130 320 1170 sub
357 1131 506 1170 eadem
541 1129 678 1170 bullas
715 1142 856 1172 aereas
899 1129 1140 1183 producere
1177 1128 1297 1169 solet.
1383 1129 1539 1183 Neque
1576 1131 1705 1172 etiam

111 1195 231 1236 aliter
267 1195 351 1235 hoc
386 1193 477 1234 fieri
512 1193 672 1248 potest3
723 1194 929 1246 siquidem
966 1193 1055 1244 ipso
1090 1192 1283 1244 pondere
1319 1192 1394 1232 suo
1429 1206 1497 1234 aer
1532 1207 1586 1235 ex
1621 1205 1707 1235 ter-

112 1272 192 1300 nus
228 1258 427 1298 laminam
462 1258 739 1311 productam,
790 1256 863 1296 nifi
899 1255 1004 1296 alios
1041 1256 1177 1295 aditus
1214 1255 1402 1296 inueniat
1443 1257 1705 1311 perforabit,

115 1322 245 1375 inque
290 1321 443 1374 spatia,
493 1320 737 1361 diductione
780 1320 963 1375 partium
1000 1318 1071 1359 sub
1108 1319 1263 1360 lamina
1306 1320 1499 1372 suborta,
1550 1321 1705 1362 irrum-

115 1395 215 1442 pet,
251 1384 473 1438 bullasque
509 1385 732 1438 producet.
810 1381 1035 1425 Caeterum
1072 1384 1122 1423 ad
1159 1384 1284 1424 trium
1326 1394 1559 1438 quatuorue
1597 1386 1704 1438 digi-

117 1460 260 1491 torum
297 1448 630 1489 transuersorum
666 1447 935 1489 latitudinem
971 1447 1186 1489 eiusmodi
1220 1448 1400 1490 laminae
1437 1450 1598 1505 saepius
1628 1463 1705 1493 ex·

118 1515 236 1556 tendi
269 1513 461 1568 poffunt,
494 1513 742 1568 priusquam
778 1522 1042 1567 rumpantur.

309 1640 474 1683 Mirum
511 1641 591 1695 est,
627 1642 700 1698 qui
736 1641 849 1683 credi
886 1642 1051 1697 potuit,
1103 1642 1176 1685 has
1213 1643 1314 1686 latas
1350 1655 1608 1698 magnasque
1644 1641 1707 1685 la·

118 1704 279 1758 minas,
331 1708 393 1748 vti
437 1707 547 1748 inter
589 1718 726 1761 partes
765 1707 967 1748 distractas
1003 1717 1230 1761 apparent,
1285 1717 1428 1750 natura
1472 1709 1706 1760 formatas,

121 1780 344 1822 antequam
381 1781 518 1825 partes
554 1770 650 1813 illae
686 1784 707 1812 a
741 1772 780 1812 se
817 1782 967 1812 mutuo
1005 1772 1354 1824 distraherentur,
1391 1785 1573 1826 cumque
1602 1785 1708 1812 con-

122 1836 263 1887 tiguae
301 1835 373 1875 fibi
410 1835 734 1886 accumberent,
786 1835 868 1877 iam
905 1836 1121 1884 exstitiffe3
1175 1849 1270 1876 cum
1307 1836 1428 1876 locus
1466 1836 1590 1887 defit,
1634 1834 1707 1875 vbi

124 1898 314 1938 existant.
384 1898 609 1952 Spatiaque
644 1899 714 1940 illa
751 1912 902 1953 magna
937 1910 979 1941 et
1014 1899 1148 1940 bullas
1185 1913 1322 1940 aereas
1360 1900 1577 1950 exstitisse,
1608 1911 1709 1938 cum

123 1973 288 2016 parteS,
343 1974 442 2014 quas
480 1972 699 2015 oporteret
733 1965 951 2005 continere
989 1964 1112 2017 spatia
1147 1973 1189 2004 et
1225 1963 1358 2004 bullas
1397 1965 1622 2016 contiguae
1658 1962 1709 2002 fi-

124 2025 165 2066 bi
205 2036 356 2066 mutuo
383 2026 657 2075 accumbant,
695 2039 878 2080 cumque
913 2028 1103 2082 strepitus
1140 2028 1410 2080 irrumpentis
1446 2027 1576 2077 neris,
1606 2027 1709 2067 dum

123 2091 397 2144 peritoneum
434 2102 473 2129 v.
511 2103 548 2129 c.
585 2103 607 2130 a
641 2091 851 2143 pambus,
907 2105 1007 2144 quas
1045 2092 1173 2145 tegit,
1220 2092 1467 2142 abducitur,
1520 2091 1710 2145 dumque

124 2154 252 2207 spatia
297 2166 400 2206 ergo
446 2166 491 2194 ac
538 2153 674 2194 bullae
720 2155 853 2196 nostra
898 2166 982 2196 arte
1034 2165 1335 2209 procreantur,
1389 2155 1523 2196 audiri
1575 2155 1709 2209 poffit.

126 2218 249 2260 Nam'
277 2219 529 2273 contiguum
565 2219 743 2260 omnino
779 2220 1051 2274 peritoneum
1085 2220 1127 2260 in
1163 2218 1410 2274 regionibus
1447 2219 1529 2260 illis
1583 2219 1712 2274 parti-

1632 2283 1710 2324 bus
