2080 2682
879 172 1032 200 uz
1066 155 1221 213 (182)
1256 170 1411 187 --

1109 299 1203 337 ΒΕ

732 381 1006 434 NOVIS
1057 376 1584 445 QVIBVSDAM

369 478 1095 556 CAVSTICAE
1182 471 1945 549 PARABOLAE

879 598 1345 647 PROPRIETATIB
1355 597 1442 643 VS.

1061 731 1254 774 Auitore

887 808 1203 854 NICOLAO
1257 805 1436 851 FVSS.

722 968 908 1009 Conuent.
945 967 1081 1009 exhib.
1119 969 1182 1010 die
1222 973 1279 1008 26
1317 967 1406 1008 Ian.
1459 978 1595 1019 1792.

1100 1144 1136 1198 ς.
1178 1158 1216 1186 ι.

351 1239 459 1338 Iam
507 1240 667 1297 septem
711 1244 818 1284 vltra
864 1241 1078 1283 saeculum
1125 1242 1222 1281 anni
1258 1240 1310 1282 ab
1346 1253 1401 1282 eo
1437 1248 1635 1294 ternpore
1673 1237 1796 1293 elapsi
1841 1235 1970 1289 sunt,

428 1320 514 1360 quo
552 1307 860 1348 celeberrimus
898 1305 1222 1357 Tstffirnhaus,
1276 1305 1439 1359 primus
1489 1302 1731 1345 Curuarum
1777 1301 1977 1342 caustica-

353 1386 450 1414 rum
488 1373 716 1424 inuentor,
755 1373 905 1414 harum
951 1371 1158 1413 linearum
1198 1369 1446 1424 praecipuas
1484 1368 1768 1422 proprietates
1806 1364 1978 1406 inuesti-

355 1438 485 1491 gauit.
570 1436 667 1479 Post
702 1450 801 1478 eum
849 1435 1128 1490 sagaciffimus
1168 1434 1405 1477 Geometra
1441 1432 1703 1484 Bnfifienfis,
1760 1431 1976 1472 Iohannes

354 1502 610 1556 Bernoulli‚
646 1503 880 1558 plurimum
918 1502 959 1541 in
1000 1501 1084 1542 hoc
1122 1510 1379 1554 argumento
1416 1508 1651 1552 occupatus
1690 1497 1786 1538 fuit.
1866 1495 1978 1550 Qui·

354 1569 476 1608 nimo
516 1569 585 1621 qui
624 1567 716 1622 post
752 1580 850 1609 eum
890 1567 1126 1608 inclaruere
1166 1565 1442 1607 Geometriae
1480 1564 1723 1618 principes,
1761 1563 1812 1602 de
1851 1559 1982 1615 perfi-

357 1633 506 1672 cienda
541 1631 734 1673 vniuersa
772 1632 968 1673 Theoria
1009 1628 1251 1671 Curuarum
1300 1629 1497 1680 solliciti,
1537 1629 1664 1668 etiam
1703 1627 1818 1667 istam
1859 1625 1979 1667 Geo-

357 1696 534 1737 metriae
579 1696 836 1737 sublimioris
883 1704 1044 1746 partem
1091 1694 1277 1734 inuentis
1316 1706 1498 1734 numero
1535 1703 1577 1732 et
1614 1693 1807 1747 pondere
1853 1690 1975 1731 claris

358 1762 693 1815 locupletarunt.
779 1759 935 1801 Nihilo
973 1770 1077 1798 vero
1125 1758 1263 1798 minus
1313 1758 1471 1798 multae
1518 1757 1612 1798 sane
1661 1758 1799 1798 adhuc
1847 1755 1981 1797 latent

359 1826 605 1868 affed‘tioues
650 1825 802 1867 harum
838 1836 1064 1865 curuarum
1102 1823 1358 1876 singulares,
1405 1836 1506 1877 quas
1545 1823 1659 1863 noffe
1704 1835 1783 1863 nec
1819 1833 1979 1862 vanum

358 1905 438 1933 nec
474 1891 756 1931 iniucundum
796 1890 934 1939 foret,
981 1898 1279 1943 praeterquam
1321 1889 1437 1942 quod
1477 1888 1526 1928 ad
1565 1887 1782 1928 scientiam
1820 1899 1980 1939 augen-

360 1957 456 1998 dam
495 1956 817 2009 ornandamque
856 1953 1090 1995 conferret.
1173 1952 1320 2008 Quum
1358 1954 1488 2006 igitur
1523 1966 1684 2006 nuper,
1722 1953 1762 1993 in
1801 1951 1980 1992 solutio-

361 2035 413 2062 ne
455 2021 736 2062 l‘roblematis
775 2033 828 2061 ex
865 2018 1078 2059 methodo
1117 2021 1380 2071 tangentium
1420 2018 1581 2058 inuersa
1619 2027 1883 2072 occupatus,
1934 2016 1975 2055 in

362 2087 529 2140 aliquot
581 2086 863 2140 proprietates
920 2082 1136 2124 Causticae
1191 2083 1419 2125 Parabolae
1473 2083 1734 2134 incidissem,
1789 2081 1974 2129 dubius,

362 2164 411 2190 an
451 2151 675 2205 quisquam
715 2151 820 2191 alius
858 2161 1000 2189 earum
1039 2147 1121 2189 iam
1160 2151 1323 2190 mentio
1361 2147 1535 2200 fecerit,
1561 2148 1636 2189 has
1675 2146 1975 2202 proprietates,

363 2227 442 2255 vna
489 2229 584 2255 cum
622 2216 712 2256 aliis
752 2213 1148 2264 obseruationibus,
1194 2227 1291 2254 cum
1330 2213 1550 2267 proposito
1598 2220 1849 2267 argumento
1887 2219 1975 2247 arc-

366 2279 461 2319 tiori
501 2280 674 2322 vinculo
712 2280 948 2331 connexis,
973 2278 1042 2319 hic
1071 2292 1289 2334 exponere
1327 2280 1368 2320 in
1405 2280 1595 2320 animuin
1623 2275 1788 2317 induxi.
1828 2272 1976 2325 Quan-

1845 2349 1974 2390 quam
