<?xml version="1.0" encoding="UTF-8"?>
<!DOCTYPE html PUBLIC "-//W3C//DTD XHTML 1.0 Transitional//EN"
    "http://www.w3.org/TR/xhtml1/DTD/xhtml1-transitional.dtd">
<html xmlns="http://www.w3.org/1999/xhtml" xml:lang="en" lang="en">
 <head>
  <title>
</title>
<meta http-equiv="Content-Type" content="text/html;charset=utf-8" />
  <meta name='ocr-system' content='tesseract 3.04.00' />
  <meta name='ocr-capabilities' content='ocr_page ocr_carea ocr_par ocr_line ocrx_word'/>
</head>
<body>
  <div class='ocr_page' id='page_1' title='image "./novaactaacademia08impe_0456.png"; bbox 0 0 2080 2682; ppageno 0'>
   <div class='ocr_carea' id='block_1_1' title="bbox 1267 135 1418 149">
    <p class='ocr_par' dir='ltr' id='par_1_1' title="bbox 1267 135 1418 149">
     <span class='ocr_line' id='line_1_1' title="bbox 1267 135 1418 149; baseline 0 0"><span class='ocrx_word' id='word_1_1' title='bbox 1267 135 1418 149; x_wconf 95' lang='lat' dir='ltr'> </span> 
     </span>
    </p>
   </div>
   <div class='ocr_carea' id='block_1_2' title="bbox 867 116 1418 174">
    <p class='ocr_par' dir='ltr' id='par_1_2' title="bbox 867 116 1418 174">
     <span class='ocr_line' id='line_1_2' title="bbox 867 116 1418 174; baseline 0.005 -3"><span class='ocrx_word' id='word_1_2' title='bbox 867 116 1231 174; x_wconf 76' lang='lat'><strong>&#39;··--&lt;362)</strong></span> <span class='ocrx_word' id='word_1_3' title='bbox 1268 152 1418 159; x_wconf 85' lang='lat'>——-</span> 
     </span>
    </p>
   </div>
   <div class='ocr_carea' id='block_1_3' title="bbox 889 153 1041 161">
    <p class='ocr_par' dir='ltr' id='par_1_3' title="bbox 889 153 1041 161">
     <span class='ocr_line' id='line_1_3' title="bbox 889 153 1041 161; baseline 0 2521"><span class='ocrx_word' id='word_1_4' title='bbox 889 153 1041 161; x_wconf 95' lang='lat' dir='ltr'> </span> 
     </span>
    </p>
   </div>
   <div class='ocr_carea' id='block_1_4' title="bbox 347 230 1960 468">
    <p class='ocr_par' dir='ltr' id='par_1_4' title="bbox 347 230 1960 468">
     <span class='ocr_line' id='line_1_4' title="bbox 356 230 1958 289; baseline 0.004 -16"><span class='ocrx_word' id='word_1_5' title='bbox 356 231 620 286; x_wconf 66' lang='lat' dir='ltr'>linquendo,</span> <span class='ocrx_word' id='word_1_6' title='bbox 667 230 713 284; x_wconf 80' lang='grc' dir='ltr'>α)</span> <span class='ocrx_word' id='word_1_7' title='bbox 750 231 972 274; x_wconf 82' lang='lat' dir='ltr'>finisterius</span> <span class='ocrx_word' id='word_1_8' title='bbox 1010 244 1053 276; x_wconf 90' lang='lat' dir='ltr'>et</span> <span class='ocrx_word' id='word_1_9' title='bbox 1087 237 1264 277; x_wconf 84' lang='lat' dir='ltr'>inferius</span> <span class='ocrx_word' id='word_1_10' title='bbox 1304 235 1453 276; x_wconf 83' lang='lat' dir='ltr'>maiori</span> <span class='ocrx_word' id='word_1_11' title='bbox 1493 247 1618 289; x_wconf 78' lang='lat' dir='ltr'>quam</span> <span class='ocrx_word' id='word_1_12' title='bbox 1657 236 1830 279; x_wconf 83' lang='lat' dir='ltr'>dimidia</span> <span class='ocrx_word' id='word_1_13' title='bbox 1866 238 1958 283; x_wconf 81' lang='lat' dir='ltr'>eius</span> 
     </span>
     <span class='ocr_line' id='line_1_5' title="bbox 347 297 1958 353; baseline 0.005 -15"><span class='ocrx_word' id='word_1_14' title='bbox 347 310 472 353; x_wconf 16' lang='lat' dir='ltr'>*parte</span> <span class='ocrx_word' id='word_1_15' title='bbox 509 311 587 350; x_wconf 92' lang='lat' dir='ltr'>pro</span> <span class='ocrx_word' id='word_1_16' title='bbox 624 298 801 338; x_wconf 71' lang='lat' dir='ltr'>caeteris</span> <span class='ocrx_word' id='word_1_17' title='bbox 841 297 1044 340; x_wconf 87' lang='lat' dir='ltr'>fibrarum</span> <span class='ocrx_word' id='word_1_18' title='bbox 1091 302 1313 342; x_wconf 82' lang='lat' dir='ltr'>ordinibus</span> <span class='ocrx_word' id='word_1_19' title='bbox 1361 301 1513 341; x_wconf 64' lang='lat' dir='ltr'>reiic‘ta.</span> <span class='ocrx_word' id='word_1_20' title='bbox 1553 301 1614 352; x_wconf 78' lang='lat' dir='ltr'>h).</span> <span class='ocrx_word' id='word_1_21' title='bbox 1700 302 1769 344; x_wconf 89' lang='lat' dir='ltr'>Sic</span> <span class='ocrx_word' id='word_1_22' title='bbox 1813 301 1958 346; x_wconf 83' lang='lat' dir='ltr'>fimilis</span> 
     </span>
     <span class='ocr_line' id='line_1_6' title="bbox 355 362 1960 423; baseline 0.005 -20"><span class='ocrx_word' id='word_1_23' title='bbox 355 362 430 403; x_wconf 88' lang='lat' dir='ltr'>fibi</span> <span class='ocrx_word' id='word_1_24' title='bbox 486 362 556 403; x_wconf 88' lang='lat' dir='ltr'>hic</span> <span class='ocrx_word' id='word_1_25' title='bbox 600 363 711 404; x_wconf 89' lang='lat' dir='ltr'>ordo</span> <span class='ocrx_word' id='word_1_26' title='bbox 754 362 957 405; x_wconf 85' lang='lat' dir='ltr'>fibrarum</span> <span class='ocrx_word' id='word_1_27' title='bbox 1009 365 1054 407; x_wconf 90' lang='lat' dir='ltr'>in</span> <span class='ocrx_word' id='word_1_28' title='bbox 1096 377 1282 423; x_wconf 81' lang='lat' dir='ltr'>vtroque</span> <span class='ocrx_word' id='word_1_29' title='bbox 1328 365 1452 408; x_wconf 73' lang='lat' dir='ltr'>strato</span> <span class='ocrx_word' id='word_1_30' title='bbox 1499 367 1684 409; x_wconf 84' lang='lat' dir='ltr'>maxime</span> <span class='ocrx_word' id='word_1_31' title='bbox 1732 377 1873 409; x_wconf 86' lang='lat' dir='ltr'>tamen</span> <span class='ocrx_word' id='word_1_32' title='bbox 1911 377 1960 411; x_wconf 83' lang='lat' dir='ltr'>et</span> 
     </span>
     <span class='ocr_line' id='line_1_7' title="bbox 356 425 514 468; baseline -0.013 0"><span class='ocrx_word' id='word_1_33' title='bbox 356 425 514 468; x_wconf 81' lang='lat' dir='ltr'>differt.</span> 
     </span>
    </p>
   </div>
   <div class='ocr_carea' id='block_1_5' title="bbox 449 531 1863 672">
    <p class='ocr_par' dir='ltr' id='par_1_5' title="bbox 449 531 1863 672">
     <span class='ocr_line' id='line_1_8' title="bbox 449 531 1863 600; baseline 0.005 -21"><span class='ocrx_word' id='word_1_34' title='bbox 449 536 487 578; x_wconf 87' lang='lat' dir='ltr'>F</span> <span class='ocrx_word' id='word_1_35' title='bbox 489 536 651 594; x_wconf 84' lang='lat' dir='ltr'>asciculi</span> <span class='ocrx_word' id='word_1_36' title='bbox 679 546 960 596; x_wconf 72' lang='lat' dir='ltr'><em>procurrentes</em></span> <span class='ocrx_word' id='word_1_37' title='bbox 986 531 1150 595; x_wconf 72' lang='lat' dir='ltr'>sec‘undi</span> <span class='ocrx_word' id='word_1_38' title='bbox 1172 542 1299 597; x_wconf 77' lang='lat' dir='ltr'>strati</span> <span class='ocrx_word' id='word_1_39' title='bbox 1333 555 1418 584; x_wconf 77' lang='lat' dir='ltr'>cum</span> <span class='ocrx_word' id='word_1_40' title='bbox 1461 544 1621 586; x_wconf 78' lang='lat' dir='ltr'><em>externi</em></span> <span class='ocrx_word' id='word_1_41' title='bbox 1651 540 1863 600; x_wconf 77' lang='lat' dir='ltr'><em>fasciculis</em></span> 
     </span>
     <span class='ocr_line' id='line_1_9' title="bbox 744 613 1364 672; baseline 0 -13"><span class='ocrx_word' id='word_1_42' title='bbox 744 613 751 618; x_wconf 63' lang='grc'><em>’</em></span> <span class='ocrx_word' id='word_1_43' title='bbox 949 618 1089 660; x_wconf 81' lang='lat' dir='ltr'>iisdem</span> <span class='ocrx_word' id='word_1_44' title='bbox 1125 620 1364 672; x_wconf 76' lang='lat' dir='ltr'>comparati.</span> 
     </span>
    </p>
   </div>
   <div class='ocr_carea' id='block_1_6' title="bbox 336 712 1964 1739">
    <p class='ocr_par' dir='ltr' id='par_1_6' title="bbox 336 712 1964 1739">
     <span class='ocr_line' id='line_1_10' title="bbox 548 712 1963 770; baseline 0.002 -16"><span class='ocrx_word' id='word_1_45' title='bbox 548 712 747 766; x_wconf 78' lang='lat' dir='ltr'><strong>Deinde,</strong></span> <span class='ocrx_word' id='word_1_46' title='bbox 805 715 925 770; x_wconf 89' lang='lat' dir='ltr'>quod</span> <span class='ocrx_word' id='word_1_47' title='bbox 970 715 1013 756; x_wconf 88' lang='lat' dir='ltr'>in</span> <span class='ocrx_word' id='word_1_48' title='bbox 1060 716 1348 770; x_wconf 87' lang='lat' dir='ltr'>superioribus</span> <span class='ocrx_word' id='word_1_49' title='bbox 1396 715 1478 757; x_wconf 80' lang='lat' dir='ltr'>iam</span> <span class='ocrx_word' id='word_1_50' title='bbox 1524 723 1718 756; x_wconf 82' lang='lat' dir='ltr'>notatum</span> <span class='ocrx_word' id='word_1_51' title='bbox 1755 716 1837 769; x_wconf 82' lang='lat' dir='ltr'>est,</span> <span class='ocrx_word' id='word_1_52' title='bbox 1890 715 1963 770; x_wconf 85' lang='lat' dir='ltr'>qui</span> 
     </span>
     <span class='ocr_line' id='line_1_11' title="bbox 352 780 1963 834; baseline 0.002 -15"><span class='ocrx_word' id='word_1_53' title='bbox 352 790 611 832; x_wconf 85' lang='lat' dir='ltr'>procurrens</span> <span class='ocrx_word' id='word_1_54' title='bbox 651 780 872 821; x_wconf 79' lang='lat' dir='ltr'>fasciculus</span> <span class='ocrx_word' id='word_1_55' title='bbox 913 781 1048 822; x_wconf 86' lang='lat' dir='ltr'>maior</span> <span class='ocrx_word' id='word_1_56' title='bbox 1083 782 1124 821; x_wconf 91' lang='lat' dir='ltr'>in</span> <span class='ocrx_word' id='word_1_57' title='bbox 1163 782 1287 823; x_wconf 86' lang='lat' dir='ltr'>strato</span> <span class='ocrx_word' id='word_1_58' title='bbox 1315 792 1496 823; x_wconf 80' lang='lat' dir='ltr'>externo</span> <span class='ocrx_word' id='word_1_59' title='bbox 1532 781 1702 834; x_wconf 74' lang='lat' dir='ltr'>insignis</span> <span class='ocrx_word' id='word_1_60' title='bbox 1731 781 1837 834; x_wconf 82' lang='lat' dir='ltr'>fuit,</span> <span class='ocrx_word' id='word_1_61' title='bbox 1875 794 1963 834; x_wconf 87' lang='lat' dir='ltr'>quo</span> 
     </span>
     <span class='ocr_line' id='line_1_12' title="bbox 351 842 1964 900; baseline 0.002 -18"><span class='ocrx_word' id='word_1_62' title='bbox 351 842 520 884; x_wconf 87' lang='lat' dir='ltr'>funium</span> <span class='ocrx_word' id='word_1_63' title='bbox 559 847 669 884; x_wconf 91' lang='lat' dir='ltr'>ordo</span> <span class='ocrx_word' id='word_1_64' title='bbox 707 847 758 886; x_wconf 84' lang='lat' dir='ltr'>ab</span> <span class='ocrx_word' id='word_1_65' title='bbox 795 846 947 886; x_wconf 85' lang='lat' dir='ltr'>ordine</span> <span class='ocrx_word' id='word_1_66' title='bbox 984 845 1187 888; x_wconf 85' lang='lat' dir='ltr'>fibrarum</span> <span class='ocrx_word' id='word_1_67' title='bbox 1237 847 1363 888; x_wconf 87' lang='lat' dir='ltr'>tertio</span> <span class='ocrx_word' id='word_1_68' title='bbox 1401 846 1759 900; x_wconf 82' lang='lat' dir='ltr'>distinguebatur,</span> <span class='ocrx_word' id='word_1_69' title='bbox 1810 848 1844 886; x_wconf 91' lang='lat' dir='ltr'>is</span> <span class='ocrx_word' id='word_1_70' title='bbox 1880 847 1964 886; x_wconf 74' lang='lat' dir='ltr'>mi-</span> 
     </span>
     <span class='ocr_line' id='line_1_13' title="bbox 339 908 1963 963; baseline 0.003 -16"><span class='ocrx_word' id='word_1_71' title='bbox 339 920 430 948; x_wconf 56' lang='lat' dir='ltr'>‘nus</span> <span class='ocrx_word' id='word_1_72' title='bbox 478 908 721 951; x_wconf 83' lang='lat' dir='ltr'>luculenter</span> <span class='ocrx_word' id='word_1_73' title='bbox 764 911 807 951; x_wconf 87' lang='lat' dir='ltr'>in</span> <span class='ocrx_word' id='word_1_74' title='bbox 855 911 979 952; x_wconf 84' lang='lat' dir='ltr'>strato</span> <span class='ocrx_word' id='word_1_75' title='bbox 1016 911 1203 954; x_wconf 88' lang='lat' dir='ltr'>secundo</span> <span class='ocrx_word' id='word_1_76' title='bbox 1242 912 1279 953; x_wconf 85' lang='lat' dir='ltr'>se</span> <span class='ocrx_word' id='word_1_77' title='bbox 1319 912 1460 953; x_wconf 88' lang='lat' dir='ltr'>offert.</span> <span class='ocrx_word' id='word_1_78' title='bbox 1511 912 1561 963; x_wconf 83' lang='lat' dir='ltr'>c)</span> <span class='ocrx_word' id='word_1_79' title='bbox 1647 910 1861 953; x_wconf 65' lang='lat' dir='ltr'>Strudiura</span> <span class='ocrx_word' id='word_1_80' title='bbox 1903 922 1963 952; x_wconf 77' lang='lat' dir='ltr'>ta-</span> 
     </span>
     <span class='ocr_line' id='line_1_14' title="bbox 351 974 1963 1030; baseline 0.004 -19"><span class='ocrx_word' id='word_1_81' title='bbox 351 984 451 1012; x_wconf 88' lang='lat' dir='ltr'>men</span> <span class='ocrx_word' id='word_1_82' title='bbox 490 974 532 1013; x_wconf 91' lang='lat' dir='ltr'>in</span> <span class='ocrx_word' id='word_1_83' title='bbox 570 987 650 1025; x_wconf 67' lang='lat' dir='ltr'>eo,</span> <span class='ocrx_word' id='word_1_84' title='bbox 707 976 824 1029; x_wconf 88' lang='lat' dir='ltr'>quod</span> <span class='ocrx_word' id='word_1_85' title='bbox 862 989 951 1016; x_wconf 89' lang='lat' dir='ltr'>rem</span> <span class='ocrx_word' id='word_1_86' title='bbox 990 976 1120 1030; x_wconf 81' lang='lat' dir='ltr'>ipsam</span> <span class='ocrx_word' id='word_1_87' title='bbox 1160 979 1410 1028; x_wconf 75' lang='lat' dir='ltr'>concernit,</span> <span class='ocrx_word' id='word_1_88' title='bbox 1453 976 1637 1017; x_wconf 87' lang='lat' dir='ltr'>omnino</span> <span class='ocrx_word' id='word_1_89' title='bbox 1674 977 1716 1016; x_wconf 88' lang='lat' dir='ltr'>in</span> <span class='ocrx_word' id='word_1_90' title='bbox 1753 977 1880 1017; x_wconf 76' lang='lat' dir='ltr'>strato</span> <span class='ocrx_word' id='word_1_91' title='bbox 1914 989 1963 1017; x_wconf 86' lang='lat' dir='ltr'>v-</span> 
     </span>
     <span class='ocr_line' id='line_1_15' title="bbox 351 1039 1963 1088; baseline 0.004 -13"><span class='ocrx_word' id='word_1_92' title='bbox 351 1044 509 1088; x_wconf 85' lang='lat' dir='ltr'>troque</span> <span class='ocrx_word' id='word_1_93' title='bbox 547 1039 736 1077; x_wconf 86' lang='lat' dir='ltr'>couenir.</span> <span class='ocrx_word' id='word_1_94' title='bbox 807 1040 1028 1080; x_wconf 87' lang='lat' dir='ltr'>Nimirum</span> <span class='ocrx_word' id='word_1_95' title='bbox 1067 1044 1215 1083; x_wconf 80' lang='lat' dir='ltr'>tertius</span> <span class='ocrx_word' id='word_1_96' title='bbox 1247 1043 1356 1083; x_wconf 80' lang='lat' dir='ltr'>ordo</span> <span class='ocrx_word' id='word_1_97' title='bbox 1394 1042 1594 1082; x_wconf 80' lang='lat' dir='ltr'>fibrarum</span> <span class='ocrx_word' id='word_1_98' title='bbox 1633 1041 1705 1081; x_wconf 87' lang='lat' dir='ltr'>sub</span> <span class='ocrx_word' id='word_1_99' title='bbox 1744 1042 1857 1082; x_wconf 88' lang='lat' dir='ltr'>hunc</span> <span class='ocrx_word' id='word_1_100' title='bbox 1896 1042 1963 1081; x_wconf 86' lang='lat' dir='ltr'>fu-</span> 
     </span>
     <span class='ocr_line' id='line_1_16' title="bbox 349 1101 1963 1157; baseline 0.003 -16"><span class='ocrx_word' id='word_1_101' title='bbox 349 1101 598 1141; x_wconf 88' lang='lat' dir='ltr'>niculorum</span> <span class='ocrx_word' id='word_1_102' title='bbox 635 1102 833 1142; x_wconf 86' lang='lat' dir='ltr'>ordinem</span> <span class='ocrx_word' id='word_1_103' title='bbox 871 1104 910 1143; x_wconf 89' lang='lat' dir='ltr'>se</span> <span class='ocrx_word' id='word_1_104' title='bbox 947 1105 1113 1157; x_wconf 85' lang='lat' dir='ltr'>recipit.</span> <span class='ocrx_word' id='word_1_105' title='bbox 1202 1106 1441 1145; x_wconf 83' lang='lat' dir='ltr'>Maximam</span> <span class='ocrx_word' id='word_1_106' title='bbox 1486 1116 1646 1156; x_wconf 84' lang='lat' dir='ltr'>partem</span> <span class='ocrx_word' id='word_1_107' title='bbox 1684 1106 1876 1157; x_wconf 82' lang='lat' dir='ltr'>paralleli</span> <span class='ocrx_word' id='word_1_108' title='bbox 1913 1105 1963 1146; x_wconf 76' lang='lat' dir='ltr'>st-</span> 
     </span>
     <span class='ocr_line' id='line_1_17' title="bbox 350 1162 1962 1222; baseline 0.003 -19"><span class='ocrx_word' id='word_1_109' title='bbox 350 1162 393 1204; x_wconf 92' lang='lat' dir='ltr'>bi</span> <span class='ocrx_word' id='word_1_110' title='bbox 433 1174 585 1204; x_wconf 81' lang='lat' dir='ltr'>mutuo</span> <span class='ocrx_word' id='word_1_111' title='bbox 625 1164 803 1204; x_wconf 87' lang='lat' dir='ltr'>funiculi</span> <span class='ocrx_word' id='word_1_112' title='bbox 842 1167 1099 1216; x_wconf 76' lang='lat' dir='ltr'>decurrunt,</span> <span class='ocrx_word' id='word_1_113' title='bbox 1153 1179 1196 1207; x_wconf 90' lang='lat' dir='ltr'>et</span> <span class='ocrx_word' id='word_1_114' title='bbox 1231 1170 1271 1208; x_wconf 88' lang='lat' dir='ltr'>in</span> <span class='ocrx_word' id='word_1_115' title='bbox 1309 1168 1502 1208; x_wconf 86' lang='lat' dir='ltr'>inferiori</span> <span class='ocrx_word' id='word_1_116' title='bbox 1541 1167 1749 1220; x_wconf 86' lang='lat' dir='ltr'>imprimis</span> <span class='ocrx_word' id='word_1_117' title='bbox 1788 1169 1962 1222; x_wconf 82' lang='lat' dir='ltr'>superfi-</span> 
     </span>
     <span class='ocr_line' id='line_1_18' title="bbox 351 1227 1959 1285; baseline 0.002 -15"><span class='ocrx_word' id='word_1_118' title='bbox 351 1228 416 1270; x_wconf 89' lang='lat' dir='ltr'>cie</span> <span class='ocrx_word' id='word_1_119' title='bbox 464 1227 643 1269; x_wconf 78' lang='lat' dir='ltr'>notabili</span> <span class='ocrx_word' id='word_1_120' title='bbox 698 1229 825 1270; x_wconf 63' lang='lat' dir='ltr'>duetu</span> <span class='ocrx_word' id='word_1_121' title='bbox 871 1230 1054 1283; x_wconf 88' lang='lat' dir='ltr'>obliquo</span> <span class='ocrx_word' id='word_1_122' title='bbox 1112 1230 1332 1281; x_wconf 71' lang='lat' dir='ltr'>seruntur,</span> <span class='ocrx_word' id='word_1_123' title='bbox 1384 1231 1439 1279; x_wconf 88' lang='lat' dir='ltr'>d)</span> <span class='ocrx_word' id='word_1_124' title='bbox 1496 1243 1582 1283; x_wconf 89' lang='lat' dir='ltr'>quo</span> <span class='ocrx_word' id='word_1_125' title='bbox 1628 1244 1705 1270; x_wconf 83' lang='lat' dir='ltr'>nec</span> <span class='ocrx_word' id='word_1_126' title='bbox 1751 1245 1772 1271; x_wconf 85' lang='lat' dir='ltr'>a</span> <span class='ocrx_word' id='word_1_127' title='bbox 1816 1234 1959 1285; x_wconf 91' lang='lat' dir='ltr'>primo</span> 
     </span>
     <span class='ocr_line' id='line_1_19' title="bbox 336 1292 1960 1337; baseline 0.002 -3"><span class='ocrx_word' id='word_1_128' title='bbox 336 1294 478 1334; x_wconf 79' lang='lat' dir='ltr'>etiam</span> <span class='ocrx_word' id='word_1_129' title='bbox 525 1292 728 1334; x_wconf 86' lang='lat' dir='ltr'>fibrarum</span> <span class='ocrx_word' id='word_1_130' title='bbox 757 1294 923 1334; x_wconf 85' lang='lat' dir='ltr'>ordine</span> <span class='ocrx_word' id='word_1_131' title='bbox 971 1294 1188 1335; x_wconf 87' lang='lat' dir='ltr'>differunt.</span> <span class='ocrx_word' id='word_1_132' title='bbox 1274 1294 1363 1336; x_wconf 81' lang='lat' dir='ltr'>lam</span> <span class='ocrx_word' id='word_1_133' title='bbox 1401 1304 1443 1334; x_wconf 85' lang='lat' dir='ltr'>et</span> <span class='ocrx_word' id='word_1_134' title='bbox 1481 1293 1592 1333; x_wconf 83' lang='lat' dir='ltr'>tertii</span> <span class='ocrx_word' id='word_1_135' title='bbox 1631 1294 1794 1334; x_wconf 89' lang='lat' dir='ltr'>ordinis</span> <span class='ocrx_word' id='word_1_136' title='bbox 1831 1295 1960 1337; x_wconf 89' lang='lat' dir='ltr'>fibrae</span> 
     </span>
     <span class='ocr_line' id='line_1_20' title="bbox 349 1357 1961 1412; baseline 0.001 -12"><span class='ocrx_word' id='word_1_137' title='bbox 349 1358 462 1400; x_wconf 89' lang='lat' dir='ltr'>inter</span> <span class='ocrx_word' id='word_1_138' title='bbox 497 1358 537 1399; x_wconf 94' lang='lat' dir='ltr'>se</span> <span class='ocrx_word' id='word_1_139' title='bbox 573 1357 678 1412; x_wconf 85' lang='lat' dir='ltr'>ipsas</span> <span class='ocrx_word' id='word_1_140' title='bbox 716 1358 940 1412; x_wconf 82' lang='lat' dir='ltr'>parallelae</span> <span class='ocrx_word' id='word_1_141' title='bbox 979 1360 1071 1400; x_wconf 88' lang='lat' dir='ltr'>satis</span> <span class='ocrx_word' id='word_1_142' title='bbox 1110 1360 1376 1412; x_wconf 64' lang='lat' dir='ltr'>procedunt,</span> <span class='ocrx_word' id='word_1_143' title='bbox 1413 1360 1460 1411; x_wconf 85' lang='lat' dir='ltr'>e)</span> <span class='ocrx_word' id='word_1_144' title='bbox 1491 1371 1641 1398; x_wconf 78' lang='lat' dir='ltr'>verum</span> <span class='ocrx_word' id='word_1_145' title='bbox 1669 1358 1740 1399; x_wconf 91' lang='lat' dir='ltr'>vbi</span> <span class='ocrx_word' id='word_1_146' title='bbox 1771 1361 1819 1400; x_wconf 78' lang='lat' dir='ltr'>ad</span> <span class='ocrx_word' id='word_1_147' title='bbox 1852 1374 1961 1402; x_wconf 83' lang='lat' dir='ltr'>mar·</span> 
     </span>
     <span class='ocr_line' id='line_1_21' title="bbox 350 1422 1960 1479; baseline 0.002 -16"><span class='ocrx_word' id='word_1_148' title='bbox 350 1424 498 1478; x_wconf 86' lang='lat' dir='ltr'>ginem</span> <span class='ocrx_word' id='word_1_149' title='bbox 534 1423 762 1464; x_wconf 84' lang='lat' dir='ltr'>ventriculi</span> <span class='ocrx_word' id='word_1_150' title='bbox 799 1425 1001 1476; x_wconf 84' lang='lat' dir='ltr'>veniunt,</span> <span class='ocrx_word' id='word_1_151' title='bbox 1055 1424 1126 1464; x_wconf 87' lang='lat' dir='ltr'>vbi</span> <span class='ocrx_word' id='word_1_152' title='bbox 1165 1425 1414 1464; x_wconf 81' lang='lat' dir='ltr'>inferiorem</span> <span class='ocrx_word' id='word_1_153' title='bbox 1451 1422 1749 1476; x_wconf 84' lang='lat' dir='ltr'>ingrediuntur</span> <span class='ocrx_word' id='word_1_154' title='bbox 1787 1426 1960 1479; x_wconf 69' lang='lat' dir='ltr'>superfi-</span> 
     </span>
     <span class='ocr_line' id='line_1_22' title="bbox 351 1488 1957 1544; baseline 0.002 -15"><span class='ocrx_word' id='word_1_155' title='bbox 351 1489 487 1541; x_wconf 74' lang='lat' dir='ltr'>ciem,</span> <span class='ocrx_word' id='word_1_156' title='bbox 522 1488 645 1530; x_wconf 84' lang='lat' dir='ltr'>aliter</span> <span class='ocrx_word' id='word_1_157' title='bbox 683 1501 810 1542; x_wconf 82' lang='lat' dir='ltr'>quam</span> <span class='ocrx_word' id='word_1_158' title='bbox 846 1489 975 1530; x_wconf 83' lang='lat' dir='ltr'>ambo</span> <span class='ocrx_word' id='word_1_159' title='bbox 1012 1490 1317 1544; x_wconf 74' lang='lat' dir='ltr'>praecedentes</span> <span class='ocrx_word' id='word_1_160' title='bbox 1356 1489 1529 1530; x_wconf 86' lang='lat' dir='ltr'>ordines</span> <span class='ocrx_word' id='word_1_161' title='bbox 1567 1489 1606 1529; x_wconf 91' lang='lat' dir='ltr'>se</span> <span class='ocrx_word' id='word_1_162' title='bbox 1643 1488 1814 1530; x_wconf 76' lang='lat' dir='ltr'>habent.</span> <span class='ocrx_word' id='word_1_163' title='bbox 1853 1491 1957 1532; x_wconf 91' lang='lat' dir='ltr'>Non</span> 
     </span>
     <span class='ocr_line' id='line_1_23' title="bbox 349 1553 1957 1610; baseline 0 -15"><span class='ocrx_word' id='word_1_164' title='bbox 349 1553 530 1608; x_wconf 86' lang='lat' dir='ltr'>oblique</span> <span class='ocrx_word' id='word_1_165' title='bbox 577 1553 861 1605; x_wconf 76' lang='lat' dir='ltr'>descendunt,</span> <span class='ocrx_word' id='word_1_166' title='bbox 914 1553 984 1595; x_wconf 80' lang='lat' dir='ltr'>sed</span> <span class='ocrx_word' id='word_1_167' title='bbox 1015 1556 1137 1595; x_wconf 66' lang='lat' dir='ltr'>recia</span> <span class='ocrx_word' id='word_1_168' title='bbox 1182 1554 1452 1595; x_wconf 84' lang='lat' dir='ltr'>transuerfim</span> <span class='ocrx_word' id='word_1_169' title='bbox 1500 1554 1849 1608; x_wconf 84' lang='lat' dir='ltr'>progrediuntur.</span> <span class='ocrx_word' id='word_1_170' title='bbox 1894 1554 1957 1610; x_wconf 91' lang='lat' dir='ltr'>f)</span> 
     </span>
     <span class='ocr_line' id='line_1_24' title="bbox 349 1617 1956 1672; baseline 0.002 -14"><span class='ocrx_word' id='word_1_171' title='bbox 349 1617 454 1672; x_wconf 87' lang='lat' dir='ltr'>Quo</span> <span class='ocrx_word' id='word_1_172' title='bbox 498 1631 602 1672; x_wconf 87' lang='lat' dir='ltr'>ergo</span> <span class='ocrx_word' id='word_1_173' title='bbox 649 1618 698 1658; x_wconf 90' lang='lat' dir='ltr'>ab</span> <span class='ocrx_word' id='word_1_174' title='bbox 744 1619 955 1660; x_wconf 80' lang='lat' dir='ltr'>ambobus</span> <span class='ocrx_word' id='word_1_175' title='bbox 1010 1620 1362 1672; x_wconf 81' lang='lat' dir='ltr'>praecedentibus</span> <span class='ocrx_word' id='word_1_176' title='bbox 1409 1619 1632 1660; x_wconf 83' lang='lat' dir='ltr'>ordinibus</span> <span class='ocrx_word' id='word_1_177' title='bbox 1687 1621 1835 1661; x_wconf 85' lang='lat' dir='ltr'>tertius</span> <span class='ocrx_word' id='word_1_178' title='bbox 1883 1621 1956 1662; x_wconf 87' lang='lat' dir='ltr'>ille</span> 
     </span>
     <span class='ocr_line' id='line_1_25' title="bbox 348 1683 1955 1739; baseline 0.003 -17"><span class='ocrx_word' id='word_1_179' title='bbox 348 1683 460 1723; x_wconf 92' lang='lat' dir='ltr'>ordo</span> <span class='ocrx_word' id='word_1_180' title='bbox 508 1695 593 1722; x_wconf 90' lang='lat' dir='ltr'>non</span> <span class='ocrx_word' id='word_1_181' title='bbox 640 1684 774 1723; x_wconf 91' lang='lat' dir='ltr'>modo</span> <span class='ocrx_word' id='word_1_182' title='bbox 820 1683 1042 1723; x_wconf 83' lang='lat' dir='ltr'>manifesto</span> <span class='ocrx_word' id='word_1_183' title='bbox 1089 1685 1126 1724; x_wconf 92' lang='lat' dir='ltr'>se</span> <span class='ocrx_word' id='word_1_184' title='bbox 1174 1685 1413 1739; x_wconf 78' lang='lat' dir='ltr'>distinguit,</span> <span class='ocrx_word' id='word_1_185' title='bbox 1467 1683 1536 1724; x_wconf 88' lang='lat' dir='ltr'>sed</span> <span class='ocrx_word' id='word_1_186' title='bbox 1582 1683 1741 1725; x_wconf 72' lang='lat' dir='ltr'>limites</span> <span class='ocrx_word' id='word_1_187' title='bbox 1780 1698 1955 1739; x_wconf 85' lang='lat' dir='ltr'>quoque</span> 
     </span>
    </p>
   </div>
   <div class='ocr_carea' id='block_1_7' title="bbox 336 1745 1953 1857">
    <p class='ocr_par' dir='ltr' id='par_1_7' title="bbox 336 1745 1953 1857">
     <span class='ocr_line' id='line_1_26' title="bbox 336 1745 1952 1805; baseline 0.004 -18"><span class='ocrx_word' id='word_1_188' title='bbox 336 1745 460 1788; x_wconf 48' lang='lat' dir='ltr'>*inter</span> <span class='ocrx_word' id='word_1_189' title='bbox 496 1747 669 1788; x_wconf 89' lang='lat' dir='ltr'>tertium</span> <span class='ocrx_word' id='word_1_190' title='bbox 707 1756 749 1788; x_wconf 92' lang='lat' dir='ltr'>et</span> <span class='ocrx_word' id='word_1_191' title='bbox 784 1748 1015 1788; x_wconf 69' lang='lat' dir='ltr'>secundum</span> <span class='ocrx_word' id='word_1_192' title='bbox 1053 1748 1309 1804; x_wconf 75' lang='lat' dir='ltr'>singulares,</span> <span class='ocrx_word' id='word_1_193' title='bbox 1341 1750 1393 1803; x_wconf 81' lang='lat' dir='ltr'>g)</span> <span class='ocrx_word' id='word_1_194' title='bbox 1438 1749 1554 1804; x_wconf 91' lang='lat' dir='ltr'>iique</span> <span class='ocrx_word' id='word_1_195' title='bbox 1591 1749 1762 1805; x_wconf 90' lang='lat' dir='ltr'>prorsus</span> <span class='ocrx_word' id='word_1_196' title='bbox 1797 1750 1952 1793; x_wconf 77' lang='lat' dir='ltr'>similes</span> 
     </span>
     <span class='ocr_line' id='line_1_27' title="bbox 1860 1815 1953 1857; baseline 0 0"><span class='ocrx_word' id='word_1_197' title='bbox 1860 1815 1953 1857; x_wconf 88' lang='lat' dir='ltr'>effi-</span> 
     </span>
    </p>
   </div>
   <div class='ocr_carea' id='block_1_8' title="bbox 351 1908 1956 1926">
    <p class='ocr_par' dir='ltr' id='par_1_8' title="bbox 351 1908 1956 1926">
     <span class='ocr_line' id='line_1_28' title="bbox 351 1908 1956 1926; baseline 0 756"><span class='ocrx_word' id='word_1_198' title='bbox 351 1908 1956 1926; x_wconf 95' lang='lat' dir='ltr'> </span> 
     </span>
    </p>
   </div>
   <div class='ocr_carea' id='block_1_9' title="bbox 394 1956 975 2369">
    <p class='ocr_par' dir='ltr' id='par_1_9' title="bbox 399 1956 892 2000">
     <span class='ocr_line' id='line_1_29' title="bbox 399 1956 892 2000; baseline 0.012 -11"><span class='ocrx_word' id='word_1_199' title='bbox 399 1957 436 2000; x_wconf 85' lang='lat' dir='ltr'>a)</span> <span class='ocrx_word' id='word_1_200' title='bbox 466 1956 552 1992; x_wconf 84' lang='lat' dir='ltr'>Tab.</span> <span class='ocrx_word' id='word_1_201' title='bbox 583 1958 649 1991; x_wconf 82' lang='lat' dir='ltr'>IX.</span> <span class='ocrx_word' id='word_1_202' title='bbox 676 1957 697 1992; x_wconf 90' lang='lat' dir='ltr'>l.</span> <span class='ocrx_word' id='word_1_203' title='bbox 727 1971 772 1993; x_wconf 90' lang='lat' dir='ltr'>m.</span> <span class='ocrx_word' id='word_1_204' title='bbox 801 1973 834 1998; x_wconf 81' lang='lat' dir='ltr'>n,</span> <span class='ocrx_word' id='word_1_205' title='bbox 864 1973 892 2000; x_wconf 86' lang='grc' dir='ltr'>ο,</span> 
     </span>
    </p>

    <p class='ocr_par' dir='ltr' id='par_1_10' title="bbox 398 2016 953 2121">
     <span class='ocr_line' id='line_1_30' title="bbox 398 2016 953 2064; baseline 0.014 -14"><span class='ocrx_word' id='word_1_206' title='bbox 398 2019 435 2064; x_wconf 83' lang='lat' dir='ltr'>b)</span> <span class='ocrx_word' id='word_1_207' title='bbox 461 2018 548 2053; x_wconf 79' lang='lat' dir='ltr'>Tab.</span> <span class='ocrx_word' id='word_1_208' title='bbox 576 2016 631 2053; x_wconf 82' lang='lat' dir='ltr'>IX.</span> <span class='ocrx_word' id='word_1_209' title='bbox 662 2032 693 2054; x_wconf 88' lang='lat' dir='ltr'>x.</span> <span class='ocrx_word' id='word_1_210' title='bbox 727 2033 754 2057; x_wconf 90' lang='lat' dir='ltr'>e.</span> <span class='ocrx_word' id='word_1_211' title='bbox 783 2033 825 2055; x_wconf 88' lang='lat'>20</span> <span class='ocrx_word' id='word_1_212' title='bbox 855 2034 896 2058; x_wconf 83' lang='grc' dir='ltr'>ιῐ.</span> <span class='ocrx_word' id='word_1_213' title='bbox 922 2035 953 2061; x_wconf 82' lang='lat' dir='ltr'>x.</span> 
     </span>
     <span class='ocr_line' id='line_1_31' title="bbox 404 2079 760 2121; baseline 0.014 -10"><span class='ocrx_word' id='word_1_214' title='bbox 404 2080 444 2121; x_wconf 87' lang='lat' dir='ltr'>c)</span> <span class='ocrx_word' id='word_1_215' title='bbox 472 2079 561 2113; x_wconf 83' lang='lat' dir='ltr'>Tab.</span> <span class='ocrx_word' id='word_1_216' title='bbox 590 2080 642 2116; x_wconf 76' lang='lat' dir='ltr'>IX.</span> <span class='ocrx_word' id='word_1_217' title='bbox 671 2093 702 2114; x_wconf 83' lang='lat' dir='ltr'>x.</span> <span class='ocrx_word' id='word_1_218' title='bbox 731 2094 760 2116; x_wconf 84' lang='lat' dir='ltr'>Z.</span> 
     </span>
    </p>

    <p class='ocr_par' dir='ltr' id='par_1_11' title="bbox 399 2138 873 2187">
     <span class='ocr_line' id='line_1_32' title="bbox 399 2138 873 2187; baseline 0.004 -12"><span class='ocrx_word' id='word_1_219' title='bbox 399 2138 441 2181; x_wconf 85' lang='lat' dir='ltr'>d)</span> <span class='ocrx_word' id='word_1_220' title='bbox 473 2140 555 2175; x_wconf 83' lang='lat' dir='ltr'>Tab.</span> <span class='ocrx_word' id='word_1_221' title='bbox 586 2141 641 2173; x_wconf 85' lang='lat' dir='ltr'>lX.</span> <span class='ocrx_word' id='word_1_222' title='bbox 669 2153 701 2187; x_wconf 90' lang='lat' dir='ltr'>p.</span> <span class='ocrx_word' id='word_1_223' title='bbox 731 2154 762 2176; x_wconf 84' lang='lat' dir='ltr'>x.</span> <span class='ocrx_word' id='word_1_224' title='bbox 792 2153 818 2186; x_wconf 85' lang='lat'>5.</span> <span class='ocrx_word' id='word_1_225' title='bbox 846 2153 873 2186; x_wconf 84' lang='lat'>3.</span> 
     </span>
    </p>

    <p class='ocr_par' dir='ltr' id='par_1_12' title="bbox 394 2199 975 2307">
     <span class='ocr_line' id='line_1_33' title="bbox 397 2199 975 2250; baseline 0.014 -17"><span class='ocrx_word' id='word_1_226' title='bbox 397 2202 433 2241; x_wconf 82' lang='lat' dir='ltr'>e)</span> <span class='ocrx_word' id='word_1_227' title='bbox 463 2200 551 2235; x_wconf 83' lang='lat' dir='ltr'>Tab.</span> <span class='ocrx_word' id='word_1_228' title='bbox 582 2199 662 2236; x_wconf 83' lang='lat' dir='ltr'>Vll.</span> <span class='ocrx_word' id='word_1_229' title='bbox 690 2200 735 2236; x_wconf 87' lang='lat' dir='ltr'>E.</span> <span class='ocrx_word' id='word_1_230' title='bbox 762 2213 812 2243; x_wconf 87' lang='lat'>30-</span> <span class='ocrx_word' id='word_1_231' title='bbox 844 2214 894 2246; x_wconf 83' lang='lat'>34.</span> <span class='ocrx_word' id='word_1_232' title='bbox 923 2214 975 2250; x_wconf 77' lang='lat'><em>3&#39;9.</em></span> 
     </span>
     <span class='ocr_line' id='line_1_34' title="bbox 394 2260 856 2307; baseline 0.013 -14"><span class='ocrx_word' id='word_1_233' title='bbox 394 2260 437 2307; x_wconf 84' lang='lat' dir='ltr'>s)</span> <span class='ocrx_word' id='word_1_234' title='bbox 466 2261 551 2295; x_wconf 65' lang='lat' dir='ltr'>⁷Fab.</span> <span class='ocrx_word' id='word_1_235' title='bbox 582 2263 639 2299; x_wconf 86' lang='lat' dir='ltr'>lX.</span> <span class='ocrx_word' id='word_1_236' title='bbox 671 2274 704 2295; x_wconf 90' lang='lat' dir='ltr'>x.</span> <span class='ocrx_word' id='word_1_237' title='bbox 734 2275 768 2304; x_wconf 82' lang='lat'>4.</span> <span class='ocrx_word' id='word_1_238' title='bbox 802 2275 856 2301; x_wconf 85' lang='lat'>11.</span> 
     </span>
    </p>

    <p class='ocr_par' dir='ltr' id='par_1_13' title="bbox 394 2319 808 2369">
     <span class='ocr_line' id='line_1_35' title="bbox 394 2319 808 2369; baseline 0.014 -15"><span class='ocrx_word' id='word_1_239' title='bbox 394 2320 439 2367; x_wconf 82' lang='lat' dir='ltr'>g)</span> <span class='ocrx_word' id='word_1_240' title='bbox 468 2319 552 2356; x_wconf 83' lang='lat' dir='ltr'>Tab.</span> <span class='ocrx_word' id='word_1_241' title='bbox 584 2322 635 2358; x_wconf 85' lang='lat' dir='ltr'>IX.</span> <span class='ocrx_word' id='word_1_242' title='bbox 661 2335 693 2359; x_wconf 80' lang='lat' dir='ltr'>x.</span> <span class='ocrx_word' id='word_1_243' title='bbox 720 2335 747 2358; x_wconf 91' lang='lat' dir='ltr'>z.</span> <span class='ocrx_word' id='word_1_244' title='bbox 774 2337 808 2369; x_wconf 91' lang='lat' dir='ltr'>y.</span> 
     </span>
    </p>
   </div>
  </div>
 </body>
</html>
