2080 2682
857 143 1009 160 -····
1042 127 1200 186 (344)
1233 143 1387 159 -··

516 251 628 286 tanta
663 241 756 283 salis
793 242 919 285 huius
955 245 1081 299 copia
1116 243 1307 286 adhiberi
1344 242 1505 298 potest,
1544 250 1698 299 quanta
1733 242 1925 289 haerenti

515 310 561 350 in
599 308 679 349 sale
715 311 885 350 ace1050
922 309 1031 351 acidi
1076 310 1298 364 quantitati
1343 310 1530 363 perfeffie
1574 309 1816 351 liberandae
1853 325 1925 364 par

515 373 596 424 est,
649 373 786 415 immo
823 374 930 415 adeo
966 375 1073 415 iusto
1109 375 1247 415 maior
1282 376 1440 416 etiamsi
1481 376 1631 428 fuerit,
1685 375 1791 416 nihil
1827 375 1927 417 inde

517 438 764 479 detrimenti
800 439 1190 494 pertimescendum
1227 439 1297 480 est.
1367 440 1556 481 Acidum
1592 439 1752 481 vitrioli
1790 440 1832 480 in
1870 440 1931 482 sa-

514 504 556 545 le
593 504 677 545 hoc
714 504 930 546 abundans
977 504 1016 545 ei
1053 514 1136 544 tam
1175 505 1283 545 arcie
1322 504 1548 558 adhaeret,
1583 515 1628 546 vt
1675 518 1729 546 ex
1766 518 1819 546 eo
1854 518 1930 546 va·

514 568 627 610 sibus
664 569 810 610 clausis
850 584 924 624 per
961 570 999 610 se
1035 569 1235 622 immiffo,
1273 570 1372 625 igne
1409 583 1496 612 non
1532 570 1604 612 nis1
1635 571 1930 613 vehementis·

514 634 671 677 tissimo
707 636 870 690 expelli
912 634 1049 691 poffit.

389 750 459 807 2.)
511 750 704 793 Acidum
747 751 909 793 vitrioli
965 751 1400 794 concentratiffimum
1454 751 1649 807 quamuis
1704 751 1934 794 cautissime

516 817 774 859 adfundatur
810 816 881 858 sali
919 819 1091 860 acetoso
1137 818 1275 873 probe
1322 818 1501 867 ficcat03
1557 817 1769 872 aequalis,
1825 831 1933 871 quae

514 883 659 936 magni
697 882 782 924 hoc
821 883 860 923 in
893 886 1072 938 negotio
1094 883 1151 924 est
1181 885 1415 933 momenti,
1455 882 1788 938 ingredientium
1812 896 1952 923 com-⁷

506 947 647 988 mistio
690 958 733 989 et
778 960 924 990 mutua
969 950 1010 991 in
1059 950 1097 990 se
1143 950 1330 990 inuicem
1379 949 1487 991 aciio
1534 949 1719 990 obtineri
1767 948 1932 1002 nequit.

515 1011 695 1053 Prorsus
733 1026 837 1054 vero
876 1014 998 1055 aliter
1034 1027 1099 1055 res
1144 1013 1183 1055 se
1228 1015 1381 1066 habet,
1435 1013 1507 1055 vbi
1546 1014 1629 1055 olei
1669 1013 1831 1054 vitrioli
1869 1014 1936 1055 lo·

517 1088 598 1128 co,
653 1085 830 1117 tartarus
867 1078 1107 1119 vitriolatus
1146 1078 1477 1130 supersuturatus
1514 1079 1764 1126 adhibetur3
1820 1092 1934 1121 nunc

518 1140 664 1192 enim,
718 1142 779 1181 vti
816 1152 1015 1195 oportet,
1069 1139 1282 1183 miscenda
1318 1142 1488 1183 conteri
1524 1142 1566 1182 in
1604 1142 1812 1182 mortario
1847 1155 1930 1196 pro

514 1203 655 1244 lubitu
692 1205 875 1258 poss'unt.

386 1307 454 1366 3.)
489 1308 619 1352 Acidi
656 1309 818 1352 vitrioli
856 1324 955 1354 cum
992 1311 1073 1354 sale
1110 1309 1280 1354 acetoso
1318 1309 1587 1363 commistio,
1642 1309 1744 1352 licet
1780 1310 1936 1355 cautis-

517 1375 621 1417 fime
667 1376 930 1431 instituatur,
982 1378 1393 1420 vehementisi'unam
1441 1388 1584 1419 tamen
1631 1376 1797 1431 semper
1834 1391 1937 1434 pro-

520 1442 641 1483 ducit
693 1442 1073 1496 incalescentinm,
1130 1457 1210 1501 qua
1264 1443 1354 1485 salis
1409 1443 1562 1485 acetofi
1618 1441 1935 1497 aliquantulum

518 1508 790 1550 comburitur
825 1523 911 1551 non
950 1520 1141 1562 tantum,
1177 1509 1245 1549 sed
1284 1508 1389 1551 aceti
1427 1509 1554 1549 etiam
1592 1521 1685 1563 pars
1721 1521 1933 1563 vaporum

518 1572 594 1614 sub
639 1573 775 1616 forma
812 1576 854 1615 in
892 1589 1009 1616 auras
1047 1575 1157 1623 abit3
1196 1588 1215 1615 a
1255 1574 1407 1627 quibus
1447 1575 1559 1615 vitiis
1598 1574 1724 1615 altera
1763 1576 1934 1616 metho-

520 1638 625 1690 dus,
680 1640 883 1693 quoniam
922 1641 1135 1681 miscenda
1172 1653 1256 1679 non
1298 1639 1368 1680 nisi
1405 1642 1635 1681 accedente
1676 1638 1774 1693 igne
1811 1641 1853 1681 in
1891 1640 1931 1682 se

517 1701 705 1744 inuicem
743 1716 899 1758 agunt,
935 1705 1107 1760 prorsus
1143 1705 1275 1745 libera
1320 1705 1388 1746 est.

391 1814 456 1872 4.)
496 1813 565 1857 Cl.
602 1815 909 1858 Westendorfii
949 1816 1161 1858 methodo
1198 1816 1396 1870 impediri
1434 1830 1520 1857 non
1559 1816 1721 1871 potest,
1761 1814 1932 1868 quomi-

517 1894 596 1923 nus
658 1882 861 1924 resultans
908 1895 962 1923 ex
1007 1895 1053 1923 ea
1098 1892 1265 1923 acetum
1319 1884 1443 1923 acido
1488 1883 1706 1923 vitriolico
1756 1881 1932 1935 sulphu-

519 1960 686 2002 reoque
733 1949 1003 2003 inquinetur:
1059 1948 1101 1988 id
1148 1949 1263 2001 quod
1304 1962 1396 1989 mea
1439 1948 1677 1999 methodo,
1733 1945 1758 1986 fi
1797 1947 1931 1986 modo

518 2012 669 2054 iustum
710 2015 837 2055 fuerit
864 2014 972 2069 ignis
1001 2013 1304 2068 moderamen,
1343 2014 1591 2069 neutiquam
1626 2010 1931 2069 pertimescen-

521 2078 622 2119 dum
660 2079 731 2121 est.

397 2195 459 2249 5.)
513 2195 760 2237 Adiuvante
807 2195 907 2238 oleo
952 2196 1113 2238 viti-ioli
1163 2197 1412 2248 fortiffinm,
1465 2210 1518 2238 ex
1564 2196 1687 2237 sodae
1741 2191 1926 2236 acetosae

522 2262 658 2304 vnciis
707 2275 767 2316 24
801 2275 888 2305 non
935 2262 1009 2305 nisi
1053 2264 1284 2306 duodecim
1329 2263 1543 2307 aicoholis
1589 2263 1696 2304 aceti
1743 2272 1817 2362 32d
1834 2267 1927 2309 gra·

1825 2331 1923 2360 uum
