2080 2682
881 141 1430 198 --(144>=·—-····

350 262 522 308 rallelos
567 261 641 303 sub
685 258 924 301 minoribus
967 259 1135 316 angulis
1181 258 1320 300 secare
1365 258 1407 299 in
1453 254 1719 312 Sphaeroide
1764 256 1959 313 elliptico

353 344 479 385 quam
516 328 559 368 in
595 326 810 379 Sphaera‚
847 325 931 367 five
969 326 1134 367 cursum
1173 325 1291 366 navis
1329 324 1473 379 priore
1511 323 1603 365 casu
1641 322 1775 377 magis
1818 323 1960 364 versus

352 394 581 438 Orientem
616 389 688 432 vel
725 389 1016 433 Occidentem
1053 391 1133 433 effe
1171 390 1470 445 dirigendum,
1508 401 1635 443 quam
1672 388 1766 430 casu
1801 388 1948 430 altero.

545 545 582 601 §.
623 555 665 596 5.
737 542 933 601 Cognito
978 543 1033 585 fic
1078 543 1238 600 angulo
1273 540 1592 597 ΡΑΒΞΦ,
1645 544 1768 586 facile
1805 541 1966 597 reperi-

349 621 417 655 tur
452 611 684 667 longitudo
721 624 841 653 arcus
879 610 1126 653 AMzs.
1212 609 1285 651 Est
1320 609 1436 651 enim
1481 609 1574 650 Mn
1597 603 1930 681 :35:⁶22
1953 636 1968 661 ,

351 689 464 731 unde
511 689 569 730 ob
603 684 646 741 Φ
681 687 969 738 constantem,
1023 700 1143 728 arcus
1188 686 1515 728 Loxodromiae
1561 686 1778 728 redtificari
1832 684 1969 740 potest

351 755 545 797 couceffa
578 752 886 795 red'iificatione
924 765 1043 794 arcus
1081 752 1131 792 M
1153 767 1212 808 pt,
1252 752 1294 793 h.
1318 765 1356 792 e.
1393 751 1699 793 rectificatione
1727 752 1877 793 circuli
1899 749 1970 791 vel

350 820 578 875 ellipseos‚
615 827 748 873 prout
782 817 918 872 figura
956 817 1122 858 telluris
1161 817 1378 857 assumitur
1416 816 1631 871 sphaerica
1661 817 1728 858 vel
1763 816 1967 871 elliptica.

349 884 502 927 Dufiis
540 896 697 938 nempe
735 883 915 924 arcubus
951 881 1165 937 parallelis
1203 881 1286 922 Μν
1321 892 1364 922 et
1400 882 1434 923 B
1456 884 1511 938 β,
1547 881 1604 923 est
1640 881 1744 935 Μμ
1779 882 1973 922 elemen-

352 960 445 992 tum
490 962 611 991 arcus
655 948 763 1000 AV,
816 948 1128 1002 consequenter
1183 947 1297 988 AM
1324 961 1384 987 Ξ
1414 944 1525 1020 εέγνφ.
1611 945 1773 987 Totius
1825 947 1971 999 itaque

354 1038 510 1068 curuae
546 1025 644 1065 AB
682 1023 916 1077 longitudo
953 1024 1010 1063 est
1054 1036 1114 1061 Ξ
1137 1015 1256 1094 effa->3
1311 1026 1423 1066 vnde
1468 1027 1509 1066 in
1550 1023 1738 1078 Sphaera
1780 1023 1837 1063 est
1873 1023 1913 1065 A
1937 1022 1971 1064 Β

355 1093 542 1124 -β-οι

355 1136 417 1143 .-.
451 1136 531 1173 cosm
554 1130 568 1153 ,
602 1100 645 1140 in
683 1098 952 1154 Sphaeroide
996 1109 1139 1139 autem
1184 1111 1264 1151 pro
1311 1111 1408 1138 arcu
1446 1100 1536 1154 Αβ
1573 1100 1831 1139 inuenienda
1875 1099 1976 1140 esset

357 1179 544 1221 formula
596 1176 845 1230 exprimens
902 1187 1047 1215 arcum
1101 1173 1341 1227 ellipticum
1395 1187 1471 1228 per
1524 1173 1793 1215 latitudines.
1887 1172 1975 1215 Sed

356 1256 492 1299 quum
537 1242 620 1282 iam
667 1240 746 1280 alia
794 1238 1016 1278 occasione
1062 1238 1323 1278 Academiae
1371 1252 1393 1279 a
1438 1252 1507 1279 me
1553 1239 1696 1280 oblata
1739 1237 1787 1277 fit
1830 1238 1975 1279 tabula

357 1307 568 1350 exhibens
616 1316 761 1345 arcum
796 1302 1031 1343 Meridiani
1076 1301 1256 1355 elliptici
1303 1315 1383 1356 pro
1422 1303 1570 1357 quauis
1610 1302 1858 1353 latitudine,
1910 1315 1976 1343 ar-

356 1386 432 1417 cus
469 1372 560 1429 Αβ
595 1367 786 1425 indepeti
822 1368 1016 1423 poffunt3
1057 1380 1185 1422 quare
1223 1367 1289 1408 his
1327 1381 1414 1408 non
1453 1367 1611 1408 diutius
1646 1368 1877 1410 immoror.

557 1517 593 1573 §.
631 1519 675 1557 6.
745 1517 835 1560 Iam
878 1515 964 1558 fine
1011 1515 1263 1558 difficultate
1309 1514 1514 1571 applicari
1563 1514 1668 1557 haec
1712 1513 1882 1570 possunt
1925 1512 1977 1555 ad

359 1597 611 1641 mapparum
648 1583 1096 1638 hydrographicarum
1136 1582 1521 1632 coustruffionem‚
1546 1593 1723 1634 quarum
1760 1579 1856 1620 finis
1894 1579 1980 1634 pri-

359 1651 517 1693 marius
565 1649 646 1700 est,
699 1658 744 1688 vt
787 1648 898 1688 linea
944 1647 1290 1687 Loxodromiam
1336 1645 1651 1699 repraesentans
1705 1644 1976 1685 Meridianos

360 1716 435 1757 sub
473 1714 629 1756 eodem
676 1712 836 1766 angulo
885 1710 1100 1752 constante
1136 1706 1177 1762 Φ
1212 1710 1439 1751 intersecet
1482 1723 1528 1750 ac
1574 1709 1616 1749 in
1661 1709 1745 1763 ipsa
1789 1709 1977 1760 tellure,

364 1792 493 1836 quem
530 1779 572 1819 in
610 1778 739 1819 finem
778 1776 991 1817 elementa
1018 1775 1365 1817 Meridianorum
1403 1787 1448 1816 ac
1486 1774 1794 1816 parallelorum
1831 1774 1873 1814 in
1910 1786 1980 1816 ea-

363 1847 463 1887 dem
508 1844 672 1886 ratione
718 1842 812 1882 sunt
856 1840 1169 1893 construenda,
1224 1854 1351 1894 quam
1398 1841 1439 1880 in
1487 1839 1640 1880 tellure
1684 1849 1846 1881 tenent.
1933 1837 1978 1881 Si

364 1912 478 1954 enim
498 1909 656 1980 IsIgura
683 1906 858 1963 secunda
894 1915 1060 1961 partem
1097 1919 1275 1962 mappae
1312 1905 1627 1960 repraesentet,
1663 1906 1744 1947 effe
1782 1912 1956 1961 oportet

561 2013 632 2085 ᾖ
657 2025 719 2052 z
748 2020 848 2066 tang
868 2005 908 2063 Φ
928 2024 989 2050 z
1010 2002 1355 2081 OEFss-sflgssff-JLW‘N‘
1391 2009 1447 2064 (ᾗ.
1490 2009 1579 2063 m),

367 2145 492 2190 quam
530 2128 610 2171 effe
647 2126 858 2168 rationem
897 2124 1127 2179 genuinam
1166 2124 1207 2166 in
1245 2123 1513 2179 Sphaeroide
1550 2122 1768 2178 elliptico‚
1816 2121 1975 2163 ibidem

366 2200 568 2240 vidimus.
635 2191 779 2235 Variis
817 2199 958 2233 autem
997 2190 1139 2232 modis
1188 2191 1418 2246 proportio
1456 2191 1558 2231 hacc
1595 2188 1779 2230 obtineri
1815 2183 1976 2242 potest,

368 2276 447 2319 pro
485 2258 682 2314 diversis,
719 2270 821 2313 quas
857 2257 899 2299 in
938 2258 1206 2314 proieftione
1242 2256 1362 2313 sequi
1396 2256 1599 2310 velimus,
1633 2254 1814 2310 legibus.
1868 2248 1976 2293 Vel-

1928 2321 1976 2353 ut
