<?xml version="1.0" encoding="UTF-8"?>
<!DOCTYPE html PUBLIC "-//W3C//DTD XHTML 1.0 Transitional//EN"
    "http://www.w3.org/TR/xhtml1/DTD/xhtml1-transitional.dtd">
<html xmlns="http://www.w3.org/1999/xhtml" xml:lang="en" lang="en">
 <head>
  <title>
</title>
<meta http-equiv="Content-Type" content="text/html;charset=utf-8" />
  <meta name='ocr-system' content='tesseract 3.04.00' />
  <meta name='ocr-capabilities' content='ocr_page ocr_carea ocr_par ocr_line ocrx_word'/>
</head>
<body>
  <div class='ocr_page' id='page_1' title='image "./novaactaacademia08impe_0443.png"; bbox 0 0 2080 2682; ppageno 0'>
   <div class='ocr_carea' id='block_1_1' title="bbox 656 127 1178 186">
    <p class='ocr_par' dir='ltr' id='par_1_1' title="bbox 656 127 1178 186">
     <span class='ocr_line' id='line_1_1' title="bbox 656 127 1178 186; baseline 0 0"><span class='ocrx_word' id='word_1_1' title='bbox 656 148 806 164; x_wconf 83' lang='lat'><em>·········</em></span> <span class='ocrx_word' id='word_1_2' title='bbox 839 127 993 186; x_wconf 77' lang='lat'><strong>(349)</strong></span> <span class='ocrx_word' id='word_1_3' title='bbox 1027 143 1178 170; x_wconf 50' lang='grc' dir='ltr'>Ξ</span> 
     </span>
    </p>
   </div>
   <div class='ocr_carea' id='block_1_2' title="bbox 656 165 806 174">
    <p class='ocr_par' dir='ltr' id='par_1_2' title="bbox 656 165 806 174">
     <span class='ocr_line' id='line_1_2' title="bbox 656 165 806 174; baseline 0 2508"><span class='ocrx_word' id='word_1_4' title='bbox 656 165 806 174; x_wconf 95' lang='lat' dir='ltr'> </span> 
     </span>
    </p>
   </div>
   <div class='ocr_carea' id='block_1_3' title="bbox 123 245 1717 1140">
    <p class='ocr_par' dir='ltr' id='par_1_3' title="bbox 123 245 1717 1140">
     <span class='ocr_line' id='line_1_3' title="bbox 125 245 1712 301; baseline -0.001 -9"><span class='ocrx_word' id='word_1_5' title='bbox 125 262 222 292; x_wconf 86' lang='lat' dir='ltr'>nem</span> <span class='ocrx_word' id='word_1_6' title='bbox 266 250 491 293; x_wconf 82' lang='lat' dir='ltr'>ventriculi</span> <span class='ocrx_word' id='word_1_7' title='bbox 542 249 797 301; x_wconf 62' lang='lat' dir='ltr'>flestuntur‚</span> <span class='ocrx_word' id='word_1_8' title='bbox 852 258 895 290; x_wconf 89' lang='lat' dir='ltr'>et</span> <span class='ocrx_word' id='word_1_9' title='bbox 938 248 1012 290; x_wconf 90' lang='lat' dir='ltr'>sub</span> <span class='ocrx_word' id='word_1_10' title='bbox 1056 246 1218 290; x_wconf 86' lang='lat' dir='ltr'>ordinis</span> <span class='ocrx_word' id='word_1_11' title='bbox 1272 245 1445 290; x_wconf 87' lang='lat' dir='ltr'>secundi</span> <span class='ocrx_word' id='word_1_12' title='bbox 1497 246 1712 292; x_wconf 85' lang='lat' dir='ltr'>funiculos</span> 
     </span>
     <span class='ocr_line' id='line_1_4' title="bbox 123 313 1715 370; baseline -0.001 -14"><span class='ocrx_word' id='word_1_13' title='bbox 123 316 278 370; x_wconf 82' lang='lat' dir='ltr'>partim</span> <span class='ocrx_word' id='word_1_14' title='bbox 314 316 352 356; x_wconf 88' lang='lat' dir='ltr'>se</span> <span class='ocrx_word' id='word_1_15' title='bbox 388 316 622 369; x_wconf 75' lang='lat' dir='ltr'>recipiunt,</span> <span class='ocrx_word' id='word_1_16' title='bbox 657 316 702 366; x_wconf 78' lang='grc' dir='ltr'>α)</span> <span class='ocrx_word' id='word_1_17' title='bbox 738 314 891 368; x_wconf 82' lang='lat' dir='ltr'>partim</span> <span class='ocrx_word' id='word_1_18' title='bbox 927 314 969 354; x_wconf 88' lang='lat' dir='ltr'>in</span> <span class='ocrx_word' id='word_1_19' title='bbox 1006 313 1122 354; x_wconf 88' lang='lat' dir='ltr'>striae</span> <span class='ocrx_word' id='word_1_20' title='bbox 1157 313 1402 367; x_wconf 91' lang='lat' dir='ltr'>portionem</span> <span class='ocrx_word' id='word_1_21' title='bbox 1439 314 1715 367; x_wconf 79' lang='lat' dir='ltr'>anteriorem,</span> 
     </span>
     <span class='ocr_line' id='line_1_5' title="bbox 124 376 1716 432; baseline -0.001 -11"><span class='ocrx_word' id='word_1_22' title='bbox 124 380 353 421; x_wconf 60' lang='lat' dir='ltr'>distinRam</span> <span class='ocrx_word' id='word_1_23' title='bbox 390 381 438 421; x_wconf 80' lang='lat' dir='ltr'>ab</span> <span class='ocrx_word' id='word_1_24' title='bbox 474 381 562 419; x_wconf 87' lang='lat' dir='ltr'>eius</span> <span class='ocrx_word' id='word_1_25' title='bbox 599 389 713 432; x_wconf 80' lang='lat' dir='ltr'>parte</span> <span class='ocrx_word' id='word_1_26' title='bbox 751 379 913 430; x_wconf 81' lang='lat' dir='ltr'>media,</span> <span class='ocrx_word' id='word_1_27' title='bbox 967 379 1220 419; x_wconf 78' lang='lat' dir='ltr'>inseruntur.</span> <span class='ocrx_word' id='word_1_28' title='bbox 1275 376 1321 430; x_wconf 85' lang='lat' dir='ltr'>b)</span> <span class='ocrx_word' id='word_1_29' title='bbox 1401 377 1450 418; x_wconf 90' lang='lat' dir='ltr'>In</span> <span class='ocrx_word' id='word_1_30' title='bbox 1487 378 1551 418; x_wconf 90' lang='lat' dir='ltr'>his</span> <span class='ocrx_word' id='word_1_31' title='bbox 1588 379 1716 419; x_wconf 91' lang='lat' dir='ltr'>nimi-</span> 
     </span>
     <span class='ocr_line' id='line_1_6' title="bbox 128 441 1715 497; baseline -0.001 -12"><span class='ocrx_word' id='word_1_32' title='bbox 128 457 198 485; x_wconf 87' lang='lat' dir='ltr'>um</span> <span class='ocrx_word' id='word_1_33' title='bbox 235 444 272 484; x_wconf 88' lang='lat' dir='ltr'>se</span> <span class='ocrx_word' id='word_1_34' title='bbox 313 444 567 495; x_wconf 86' lang='lat' dir='ltr'>distinguunt</span> <span class='ocrx_word' id='word_1_35' title='bbox 601 443 643 483; x_wconf 89' lang='lat' dir='ltr'>in</span> <span class='ocrx_word' id='word_1_36' title='bbox 680 444 765 483; x_wconf 91' lang='lat' dir='ltr'>hoc</span> <span class='ocrx_word' id='word_1_37' title='bbox 803 445 956 492; x_wconf 71' lang='lat' dir='ltr'>corde,</span> <span class='ocrx_word' id='word_1_38' title='bbox 997 457 1097 496; x_wconf 84' lang='lat' dir='ltr'>quas</span> <span class='ocrx_word' id='word_1_39' title='bbox 1135 441 1400 496; x_wconf 73' lang='lat' dir='ltr'>interpositas</span> <span class='ocrx_word' id='word_1_40' title='bbox 1422 455 1576 483; x_wconf 87' lang='lat' dir='ltr'>vocare</span> <span class='ocrx_word' id='word_1_41' title='bbox 1613 456 1715 497; x_wconf 90' lang='lat' dir='ltr'>pos-</span> 
     </span>
     <span class='ocr_line' id='line_1_7' title="bbox 127 506 1716 561; baseline 0 -13"><span class='ocrx_word' id='word_1_42' title='bbox 127 508 214 558; x_wconf 75' lang='lat' dir='ltr'>ses⁷</span> <span class='ocrx_word' id='word_1_43' title='bbox 268 521 372 561; x_wconf 80' lang='lat' dir='ltr'>quae</span> <span class='ocrx_word' id='word_1_44' title='bbox 408 517 525 547; x_wconf 83' lang='lat' dir='ltr'>ortae</span> <span class='ocrx_word' id='word_1_45' title='bbox 562 507 602 547; x_wconf 89' lang='lat' dir='ltr'>in</span> <span class='ocrx_word' id='word_1_46' title='bbox 641 508 846 561; x_wconf 85' lang='lat' dir='ltr'>superiori</span> <span class='ocrx_word' id='word_1_47' title='bbox 891 507 1111 561; x_wconf 75' lang='lat' dir='ltr'>superficie</span> <span class='ocrx_word' id='word_1_48' title='bbox 1147 506 1395 548; x_wconf 85' lang='lat' dir='ltr'>flabellatim</span> <span class='ocrx_word' id='word_1_49' title='bbox 1436 507 1524 547; x_wconf 89' lang='lat' dir='ltr'>fere</span> <span class='ocrx_word' id='word_1_50' title='bbox 1560 520 1614 548; x_wconf 93' lang='lat' dir='ltr'>ex</span> <span class='ocrx_word' id='word_1_51' title='bbox 1650 507 1716 548; x_wconf 89' lang='lat' dir='ltr'>se-</span> 
     </span>
     <span class='ocr_line' id='line_1_8' title="bbox 129 571 1713 626; baseline 0 -14"><span class='ocrx_word' id='word_1_52' title='bbox 129 572 354 626; x_wconf 87' lang='lat' dir='ltr'>quentibus</span> <span class='ocrx_word' id='word_1_53' title='bbox 399 571 523 612; x_wconf 87' lang='lat' dir='ltr'>huius</span> <span class='ocrx_word' id='word_1_54' title='bbox 568 573 730 613; x_wconf 82' lang='lat' dir='ltr'>ordinis</span> <span class='ocrx_word' id='word_1_55' title='bbox 783 572 925 622; x_wconf 75' lang='lat' dir='ltr'>fibris,</span> <span class='ocrx_word' id='word_1_56' title='bbox 979 572 1050 612; x_wconf 90' lang='lat' dir='ltr'>vel</span> <span class='ocrx_word' id='word_1_57' title='bbox 1101 584 1157 613; x_wconf 85' lang='lat' dir='ltr'>ex</span> <span class='ocrx_word' id='word_1_58' title='bbox 1209 571 1430 611; x_wconf 89' lang='lat' dir='ltr'>interstitio</span> <span class='ocrx_word' id='word_1_59' title='bbox 1481 571 1592 612; x_wconf 88' lang='lat' dir='ltr'>inter</span> <span class='ocrx_word' id='word_1_60' title='bbox 1643 583 1713 613; x_wconf 84' lang='lat' dir='ltr'>eas</span> 
     </span>
     <span class='ocr_line' id='line_1_9' title="bbox 125 635 1717 688; baseline -0.001 -11"><span class='ocrx_word' id='word_1_61' title='bbox 125 647 168 677; x_wconf 89' lang='lat' dir='ltr'>et</span> <span class='ocrx_word' id='word_1_62' title='bbox 212 636 425 677; x_wconf 89' lang='lat' dir='ltr'>funiculos</span> <span class='ocrx_word' id='word_1_63' title='bbox 470 637 631 678; x_wconf 87' lang='lat' dir='ltr'>ordinis</span> <span class='ocrx_word' id='word_1_64' title='bbox 680 636 850 677; x_wconf 90' lang='lat' dir='ltr'>secundi</span> <span class='ocrx_word' id='word_1_65' title='bbox 894 637 935 688; x_wconf 85' lang='lat' dir='ltr'>c)</span> <span class='ocrx_word' id='word_1_66' title='bbox 979 635 1051 676; x_wconf 92' lang='lat' dir='ltr'>sub</span> <span class='ocrx_word' id='word_1_67' title='bbox 1089 636 1265 676; x_wconf 89' lang='lat' dir='ltr'>eosdem</span> <span class='ocrx_word' id='word_1_68' title='bbox 1312 635 1528 676; x_wconf 87' lang='lat' dir='ltr'>funiculos</span> <span class='ocrx_word' id='word_1_69' title='bbox 1571 637 1614 676; x_wconf 90' lang='lat' dir='ltr'>in</span> <span class='ocrx_word' id='word_1_70' title='bbox 1650 636 1717 676; x_wconf 88' lang='lat' dir='ltr'>in-</span> 
     </span>
     <span class='ocr_line' id='line_1_10' title="bbox 125 699 1715 755; baseline 0.001 -15"><span class='ocrx_word' id='word_1_71' title='bbox 125 702 269 741; x_wconf 88' lang='lat' dir='ltr'>feriori</span> <span class='ocrx_word' id='word_1_72' title='bbox 325 700 543 754; x_wconf 88' lang='lat' dir='ltr'>superficie</span> <span class='ocrx_word' id='word_1_73' title='bbox 599 702 637 741; x_wconf 87' lang='lat' dir='ltr'>se</span> <span class='ocrx_word' id='word_1_74' title='bbox 690 702 914 755; x_wconf 86' lang='lat' dir='ltr'>recipiunt.</span> <span class='ocrx_word' id='word_1_75' title='bbox 970 700 1024 753; x_wconf 83' lang='lat' dir='ltr'>d&gt;</span> <span class='ocrx_word' id='word_1_76' title='bbox 1107 699 1198 741; x_wconf 85' lang='lat' dir='ltr'>Nifi</span> <span class='ocrx_word' id='word_1_77' title='bbox 1245 701 1425 740; x_wconf 89' lang='lat' dir='ltr'>omnino</span> <span class='ocrx_word' id='word_1_78' title='bbox 1478 699 1715 742; x_wconf 86' lang='lat' dir='ltr'>constantes</span> 
     </span>
     <span class='ocr_line' id='line_1_11' title="bbox 124 763 1716 819; baseline 0.001 -15"><span class='ocrx_word' id='word_1_79' title='bbox 124 763 218 805; x_wconf 87' lang='lat' dir='ltr'>sunt</span> <span class='ocrx_word' id='word_1_80' title='bbox 252 765 521 818; x_wconf 76' lang='lat' dir='ltr'>interpofitae</span> <span class='ocrx_word' id='word_1_81' title='bbox 558 766 678 817; x_wconf 69' lang='lat' dir='ltr'>istae,</span> <span class='ocrx_word' id='word_1_82' title='bbox 731 766 900 819; x_wconf 77' lang='lat' dir='ltr'>vestigia</span> <span class='ocrx_word' id='word_1_83' title='bbox 938 774 1076 805; x_wconf 83' lang='lat' dir='ltr'>tamen</span> <span class='ocrx_word' id='word_1_84' title='bbox 1114 777 1256 804; x_wconf 82' lang='lat' dir='ltr'>earum</span> <span class='ocrx_word' id='word_1_85' title='bbox 1300 763 1343 804; x_wconf 90' lang='lat' dir='ltr'>in</span> <span class='ocrx_word' id='word_1_86' title='bbox 1387 764 1582 818; x_wconf 88' lang='lat' dir='ltr'>plurimis</span> <span class='ocrx_word' id='word_1_87' title='bbox 1620 777 1716 806; x_wconf 89' lang='lat' dir='ltr'>cor·</span> 
     </span>
     <span class='ocr_line' id='line_1_12' title="bbox 125 828 1716 884; baseline 0.001 -15"><span class='ocrx_word' id='word_1_88' title='bbox 125 829 248 869; x_wconf 91' lang='lat' dir='ltr'>dibus</span> <span class='ocrx_word' id='word_1_89' title='bbox 286 831 567 883; x_wconf 87' lang='lat' dir='ltr'>reperiuntur.</span> <span class='ocrx_word' id='word_1_90' title='bbox 647 829 848 884; x_wconf 84' lang='lat' dir='ltr'>Denique</span> <span class='ocrx_word' id='word_1_91' title='bbox 887 840 1057 883; x_wconf 86' lang='lat' dir='ltr'>quartus</span> <span class='ocrx_word' id='word_1_92' title='bbox 1093 828 1293 869; x_wconf 86' lang='lat' dir='ltr'>fibrarum</span> <span class='ocrx_word' id='word_1_93' title='bbox 1332 830 1442 869; x_wconf 91' lang='lat' dir='ltr'>ordo</span> <span class='ocrx_word' id='word_1_94' title='bbox 1479 829 1528 870; x_wconf 82' lang='lat' dir='ltr'>ab</span> <span class='ocrx_word' id='word_1_95' title='bbox 1566 829 1716 871; x_wconf 83' lang='lat' dir='ltr'>vltima</span> 
     </span>
     <span class='ocr_line' id='line_1_13' title="bbox 123 893 1715 947; baseline 0 -13"><span class='ocrx_word' id='word_1_96' title='bbox 123 903 240 947; x_wconf 80' lang='lat' dir='ltr'>parte</span> <span class='ocrx_word' id='word_1_97' title='bbox 285 907 461 946; x_wconf 70' lang='lat' dir='ltr'>crenae,</span> <span class='ocrx_word' id='word_1_98' title='bbox 513 908 534 935; x_wconf 86' lang='lat' dir='ltr'>a</span> <span class='ocrx_word' id='word_1_99' title='bbox 578 895 753 947; x_wconf 79' lang='lat' dir='ltr'>regione</span> <span class='ocrx_word' id='word_1_100' title='bbox 799 894 887 935; x_wconf 88' lang='lat' dir='ltr'>eius</span> <span class='ocrx_word' id='word_1_101' title='bbox 933 894 1089 934; x_wconf 80' lang='lat' dir='ltr'>radiata</span> <span class='ocrx_word' id='word_1_102' title='bbox 1133 903 1176 934; x_wconf 87' lang='lat' dir='ltr'>et</span> <span class='ocrx_word' id='word_1_103' title='bbox 1219 906 1241 934; x_wconf 89' lang='lat' dir='ltr'>a</span> <span class='ocrx_word' id='word_1_104' title='bbox 1286 893 1452 933; x_wconf 88' lang='lat' dir='ltr'>duobus</span> <span class='ocrx_word' id='word_1_105' title='bbox 1508 893 1715 934; x_wconf 80' lang='lat' dir='ltr'>fasciculis</span> 
     </span>
     <span class='ocr_line' id='line_1_14' title="bbox 125 957 1715 1012; baseline 0.001 -16"><span class='ocrx_word' id='word_1_106' title='bbox 125 957 442 1009; x_wconf 71' lang='lat' dir='ltr'>terminalibus,</span> <span class='ocrx_word' id='word_1_107' title='bbox 497 959 702 1012; x_wconf 85' lang='lat' dir='ltr'>superiori</span> <span class='ocrx_word' id='word_1_108' title='bbox 738 968 779 999; x_wconf 89' lang='lat' dir='ltr'>et</span> <span class='ocrx_word' id='word_1_109' title='bbox 815 958 986 1009; x_wconf 76' lang='lat' dir='ltr'>medio,</span> <span class='ocrx_word' id='word_1_110' title='bbox 1041 960 1200 1007; x_wconf 72' lang='lat' dir='ltr'>oritur,</span> <span class='ocrx_word' id='word_1_111' title='bbox 1243 961 1284 1009; x_wconf 80' lang='lat' dir='ltr'>e)</span> <span class='ocrx_word' id='word_1_112' title='bbox 1336 966 1378 997; x_wconf 90' lang='lat' dir='ltr'>et</span> <span class='ocrx_word' id='word_1_113' title='bbox 1413 967 1528 997; x_wconf 90' lang='lat' dir='ltr'>totus</span> <span class='ocrx_word' id='word_1_114' title='bbox 1566 959 1605 998; x_wconf 86' lang='lat' dir='ltr'>se</span> <span class='ocrx_word' id='word_1_115' title='bbox 1641 957 1715 997; x_wconf 89' lang='lat' dir='ltr'>sub</span> 
     </span>
     <span class='ocr_line' id='line_1_15' title="bbox 123 1020 1716 1077; baseline -0.001 -15"><span class='ocrx_word' id='word_1_116' title='bbox 123 1023 320 1063; x_wconf 88' lang='lat' dir='ltr'>ordinem</span> <span class='ocrx_word' id='word_1_117' title='bbox 359 1023 686 1075; x_wconf 83' lang='lat' dir='ltr'>praecedentem</span> <span class='ocrx_word' id='word_1_118' title='bbox 723 1023 897 1077; x_wconf 85' lang='lat' dir='ltr'>recipit,</span> <span class='ocrx_word' id='word_1_119' title='bbox 941 1020 996 1077; x_wconf 87' lang='lat' dir='ltr'>f)</span> <span class='ocrx_word' id='word_1_120' title='bbox 1048 1030 1227 1075; x_wconf 85' lang='lat' dir='ltr'>excepta</span> <span class='ocrx_word' id='word_1_121' title='bbox 1263 1020 1418 1073; x_wconf 86' lang='lat' dir='ltr'>exigua</span> <span class='ocrx_word' id='word_1_122' title='bbox 1457 1030 1601 1075; x_wconf 81' lang='lat' dir='ltr'>parte,</span> <span class='ocrx_word' id='word_1_123' title='bbox 1655 1020 1716 1075; x_wconf 84' lang='lat' dir='ltr'>g)</span> 
     </span>
     <span class='ocr_line' id='line_1_16' title="bbox 124 1086 715 1140; baseline -0.002 -14"><span class='ocrx_word' id='word_1_124' title='bbox 124 1098 204 1140; x_wconf 86' lang='lat' dir='ltr'>qua</span> <span class='ocrx_word' id='word_1_125' title='bbox 240 1087 292 1128; x_wconf 85' lang='lat' dir='ltr'>ad</span> <span class='ocrx_word' id='word_1_126' title='bbox 328 1086 462 1126; x_wconf 84' lang='lat' dir='ltr'>striam</span> <span class='ocrx_word' id='word_1_127' title='bbox 496 1086 715 1139; x_wconf 86' lang='lat' dir='ltr'>pertingit.</span> 
     </span>
    </p>
   </div>
   <div class='ocr_carea' id='block_1_4' title="bbox 243 1209 1572 1266">
    <p class='ocr_par' dir='ltr' id='par_1_4' title="bbox 243 1209 1572 1266">
     <span class='ocr_line' id='line_1_17' title="bbox 243 1209 1572 1266; baseline -0.002 -11"><span class='ocrx_word' id='word_1_128' title='bbox 243 1214 401 1256; x_wconf 77' lang='lat' dir='ltr'>Harum</span> <span class='ocrx_word' id='word_1_129' title='bbox 437 1215 628 1266; x_wconf 79' lang='lat' dir='ltr'>analogia</span> <span class='ocrx_word' id='word_1_130' title='bbox 664 1226 748 1253; x_wconf 81' lang='lat' dir='ltr'>cum</span> <span class='ocrx_word' id='word_1_131' title='bbox 784 1211 984 1253; x_wconf 81' lang='lat' dir='ltr'>ordinibus</span> <span class='ocrx_word' id='word_1_132' title='bbox 1008 1209 1209 1263; x_wconf 80' lang='lat' dir='ltr'>fibrarum</span> <span class='ocrx_word' id='word_1_133' title='bbox 1240 1209 1368 1262; x_wconf 81' lang='lat' dir='ltr'>strati</span> <span class='ocrx_word' id='word_1_134' title='bbox 1402 1213 1572 1254; x_wconf 83' lang='lat' dir='ltr'>externi.</span> 
     </span>
    </p>
   </div>
   <div class='ocr_carea' id='block_1_5' title="bbox 122 1299 1719 2362">
    <p class='ocr_par' dir='ltr' id='par_1_5' title="bbox 122 1299 1719 1741">
     <span class='ocr_line' id='line_1_18' title="bbox 309 1299 1716 1358; baseline 0.001 -16"><span class='ocrx_word' id='word_1_135' title='bbox 309 1301 439 1342; x_wconf 84' lang='lat' dir='ltr'>Adeo</span> <span class='ocrx_word' id='word_1_136' title='bbox 476 1302 519 1342; x_wconf 91' lang='lat' dir='ltr'>hi</span> <span class='ocrx_word' id='word_1_137' title='bbox 556 1301 726 1342; x_wconf 84' lang='lat' dir='ltr'>ordines</span> <span class='ocrx_word' id='word_1_138' title='bbox 765 1301 933 1355; x_wconf 80' lang='lat' dir='ltr'>analogi</span> <span class='ocrx_word' id='word_1_139' title='bbox 984 1302 1077 1341; x_wconf 90' lang='lat' dir='ltr'>sunt</span> <span class='ocrx_word' id='word_1_140' title='bbox 1112 1299 1335 1341; x_wconf 88' lang='lat' dir='ltr'>ordinibus</span> <span class='ocrx_word' id='word_1_141' title='bbox 1371 1300 1479 1342; x_wconf 82' lang='lat' dir='ltr'>strati</span> <span class='ocrx_word' id='word_1_142' title='bbox 1516 1302 1716 1358; x_wconf 79' lang='lat' dir='ltr'>externi,</span> 
     </span>
     <span class='ocr_line' id='line_1_19' title="bbox 124 1366 1718 1419; baseline 0.003 -15"><span class='ocrx_word' id='word_1_143' title='bbox 124 1374 171 1404; x_wconf 84' lang='lat' dir='ltr'>vt</span> <span class='ocrx_word' id='word_1_144' title='bbox 205 1372 346 1404; x_wconf 89' lang='lat' dir='ltr'>ortum</span> <span class='ocrx_word' id='word_1_145' title='bbox 383 1366 505 1418; x_wconf 72' lang='lat' dir='ltr'>plane</span> <span class='ocrx_word' id='word_1_146' title='bbox 542 1366 726 1406; x_wconf 89' lang='lat' dir='ltr'>eundem</span> <span class='ocrx_word' id='word_1_147' title='bbox 763 1379 785 1406; x_wconf 83' lang='lat' dir='ltr'>a</span> <span class='ocrx_word' id='word_1_148' title='bbox 820 1366 1010 1419; x_wconf 76' lang='lat' dir='ltr'>partibus</span> <span class='ocrx_word' id='word_1_149' title='bbox 1048 1366 1229 1415; x_wconf 72' lang='lat' dir='ltr'>iisdem,</span> <span class='ocrx_word' id='word_1_150' title='bbox 1282 1368 1544 1418; x_wconf 79' lang='lat' dir='ltr'>progressum</span> <span class='ocrx_word' id='word_1_151' title='bbox 1591 1366 1718 1409; x_wconf 82' lang='lat' dir='ltr'>fibra-</span> 
     </span>
     <span class='ocr_line' id='line_1_20' title="bbox 122 1428 1718 1483; baseline 0.004 -17"><span class='ocrx_word' id='word_1_152' title='bbox 122 1440 218 1467; x_wconf 87' lang='lat' dir='ltr'>rum</span> <span class='ocrx_word' id='word_1_153' title='bbox 254 1428 616 1482; x_wconf 84' lang='lat' dir='ltr'>inscrtionemque</span> <span class='ocrx_word' id='word_1_154' title='bbox 661 1431 767 1470; x_wconf 91' lang='lat' dir='ltr'>mire</span> <span class='ocrx_word' id='word_1_155' title='bbox 811 1430 966 1471; x_wconf 83' lang='lat' dir='ltr'>ssmiles</span> <span class='ocrx_word' id='word_1_156' title='bbox 1014 1430 1161 1483; x_wconf 79' lang='lat' dir='ltr'>singuli</span> <span class='ocrx_word' id='word_1_157' title='bbox 1198 1429 1418 1483; x_wconf 76' lang='lat' dir='ltr'>Vtriusque</span> <span class='ocrx_word' id='word_1_158' title='bbox 1455 1430 1563 1472; x_wconf 87' lang='lat' dir='ltr'>strati</span> <span class='ocrx_word' id='word_1_159' title='bbox 1600 1432 1718 1473; x_wconf 89' lang='lat' dir='ltr'>ordi-</span> 
     </span>
     <span class='ocr_line' id='line_1_21' title="bbox 124 1492 1717 1549; baseline 0.004 -17"><span class='ocrx_word' id='word_1_160' title='bbox 124 1504 198 1532; x_wconf 88' lang='lat' dir='ltr'>nes</span> <span class='ocrx_word' id='word_1_161' title='bbox 237 1492 348 1533; x_wconf 86' lang='lat' dir='ltr'>inter</span> <span class='ocrx_word' id='word_1_162' title='bbox 383 1493 421 1533; x_wconf 89' lang='lat' dir='ltr'>se</span> <span class='ocrx_word' id='word_1_163' title='bbox 459 1494 652 1534; x_wconf 83' lang='lat' dir='ltr'>habeant.</span> <span class='ocrx_word' id='word_1_164' title='bbox 741 1492 865 1535; x_wconf 89' lang='lat' dir='ltr'>Ordo</span> <span class='ocrx_word' id='word_1_165' title='bbox 910 1495 1071 1548; x_wconf 88' lang='lat' dir='ltr'>primus</span> <span class='ocrx_word' id='word_1_166' title='bbox 1118 1494 1159 1534; x_wconf 89' lang='lat' dir='ltr'>in</span> <span class='ocrx_word' id='word_1_167' title='bbox 1204 1493 1326 1534; x_wconf 84' lang='lat' dir='ltr'>strato</span> <span class='ocrx_word' id='word_1_168' title='bbox 1363 1503 1546 1549; x_wconf 85' lang='lat' dir='ltr'>vtroque</span> <span class='ocrx_word' id='word_1_169' title='bbox 1582 1510 1604 1537; x_wconf 82' lang='lat' dir='ltr'>a</span> <span class='ocrx_word' id='word_1_170' title='bbox 1640 1497 1717 1538; x_wconf 92' lang='lat' dir='ltr'>filo</span> 
     </span>
     <span class='ocr_line' id='line_1_22' title="bbox 127 1556 1717 1613; baseline 0.004 -18"><span class='ocrx_word' id='word_1_171' title='bbox 127 1556 398 1609; x_wconf 77' lang='lat' dir='ltr'>cartilagineo</span> <span class='ocrx_word' id='word_1_172' title='bbox 448 1558 669 1610; x_wconf 86' lang='lat' dir='ltr'>posteriori</span> <span class='ocrx_word' id='word_1_173' title='bbox 715 1559 870 1598; x_wconf 77' lang='lat' dir='ltr'>sinistro</span> <span class='ocrx_word' id='word_1_174' title='bbox 914 1560 1048 1599; x_wconf 85' lang='lat' dir='ltr'>oritur</span> <span class='ocrx_word' id='word_1_175' title='bbox 1101 1556 1172 1609; x_wconf 84' lang='lat' dir='ltr'>h);</span> <span class='ocrx_word' id='word_1_176' title='bbox 1226 1558 1296 1598; x_wconf 93' lang='lat' dir='ltr'>sed</span> <span class='ocrx_word' id='word_1_177' title='bbox 1339 1558 1454 1598; x_wconf 89' lang='lat' dir='ltr'>fibris</span> <span class='ocrx_word' id='word_1_178' title='bbox 1492 1559 1717 1613; x_wconf 81' lang='lat' dir='ltr'>obliquis,</span> 
     </span>
     <span class='ocr_line' id='line_1_23' title="bbox 127 1620 1719 1676; baseline 0.004 -17"><span class='ocrx_word' id='word_1_179' title='bbox 127 1620 424 1673; x_wconf 84' lang='lat' dir='ltr'>longitudinali</span> <span class='ocrx_word' id='word_1_180' title='bbox 463 1622 602 1662; x_wconf 67' lang='lat' dir='ltr'>duc‘lui</span> <span class='ocrx_word' id='word_1_181' title='bbox 640 1622 941 1676; x_wconf 76' lang='lat' dir='ltr'>propioribus,</span> <span class='ocrx_word' id='word_1_182' title='bbox 979 1635 1026 1662; x_wconf 84' lang='lat' dir='ltr'>ea</span> <span class='ocrx_word' id='word_1_183' title='bbox 1053 1623 1218 1663; x_wconf 85' lang='lat' dir='ltr'>ratione</span> <span class='ocrx_word' id='word_1_184' title='bbox 1254 1624 1530 1675; x_wconf 86' lang='lat' dir='ltr'>progreditur</span> <span class='ocrx_word' id='word_1_185' title='bbox 1565 1625 1606 1663; x_wconf 89' lang='lat' dir='ltr'>in</span> <span class='ocrx_word' id='word_1_186' title='bbox 1642 1638 1719 1667; x_wconf 87' lang='lat' dir='ltr'>ex-</span> 
     </span>
     <span class='ocr_line' id='line_1_24' title="bbox 126 1685 1716 1741; baseline 0.003 -17"><span class='ocrx_word' id='word_1_187' title='bbox 126 1693 275 1738; x_wconf 83' lang='lat' dir='ltr'>terno,</span> <span class='ocrx_word' id='word_1_188' title='bbox 325 1695 371 1726; x_wconf 86' lang='lat' dir='ltr'>vt</span> <span class='ocrx_word' id='word_1_189' title='bbox 414 1695 548 1727; x_wconf 81' lang='lat' dir='ltr'>totam</span> <span class='ocrx_word' id='word_1_190' title='bbox 593 1688 644 1728; x_wconf 87' lang='lat' dir='ltr'>ad</span> <span class='ocrx_word' id='word_1_191' title='bbox 690 1687 946 1741; x_wconf 83' lang='lat' dir='ltr'>principium</span> <span class='ocrx_word' id='word_1_192' title='bbox 994 1685 1180 1727; x_wconf 79' lang='lat' dir='ltr'>fasciculi</span> <span class='ocrx_word' id='word_1_193' title='bbox 1223 1688 1456 1728; x_wconf 84' lang='lat' dir='ltr'>terminalis</span> <span class='ocrx_word' id='word_1_194' title='bbox 1500 1688 1716 1730; x_wconf 87' lang='lat' dir='ltr'>inferioris</span> 
     </span>
    </p>

    <p class='ocr_par' dir='ltr' id='par_1_6' title="bbox 863 1751 1716 1805">
     <span class='ocr_line' id='line_1_25' title="bbox 863 1751 1716 1805; baseline 0.002 -14"><span class='ocrx_word' id='word_1_195' title='bbox 863 1751 902 1792; x_wconf 92' lang='lat' dir='ltr'>X</span> <span class='ocrx_word' id='word_1_196' title='bbox 922 1763 951 1791; x_wconf 88' lang='lat' dir='ltr'><strong>x</strong></span> <span class='ocrx_word' id='word_1_197' title='bbox 988 1763 1010 1799; x_wconf 87' lang='grc'>3</span> <span class='ocrx_word' id='word_1_198' title='bbox 1580 1765 1716 1805; x_wconf 86' lang='lat' dir='ltr'>vsque</span> 
     </span>
    </p>

    <p class='ocr_par' dir='ltr' id='par_1_7' title="bbox 125 1834 1714 1855">
     <span class='ocr_line' id='line_1_26' title="bbox 125 1834 1714 1855; baseline 0.003 -6"><span class='ocrx_word' id='word_1_199' title='bbox 125 1834 1714 1855; x_wconf 54' lang='grc' dir='ltr'><em>Μ</em></span> 
     </span>
    </p>

    <p class='ocr_par' dir='ltr' id='par_1_8' title="bbox 177 1889 645 1935">
     <span class='ocr_line' id='line_1_27' title="bbox 177 1889 645 1935; baseline 0.002 -11"><span class='ocrx_word' id='word_1_200' title='bbox 177 1889 212 1930; x_wconf 81' lang='lat' dir='ltr'>a)</span> <span class='ocrx_word' id='word_1_201' title='bbox 243 1889 329 1923; x_wconf 88' lang='lat' dir='ltr'>Tab.</span> <span class='ocrx_word' id='word_1_202' title='bbox 358 1891 415 1925; x_wconf 88' lang='lat' dir='ltr'>lX.</span> <span class='ocrx_word' id='word_1_203' title='bbox 443 1904 471 1924; x_wconf 81' lang='lat' dir='ltr'>x.</span> <span class='ocrx_word' id='word_1_204' title='bbox 500 1902 529 1935; x_wconf 89' lang='lat'>4.</span> <span class='ocrx_word' id='word_1_205' title='bbox 557 1904 583 1925; x_wconf 90' lang='lat' dir='ltr'>z.</span> <span class='ocrx_word' id='word_1_206' title='bbox 612 1893 645 1926; x_wconf 86' lang='lat'>6.</span> 
     </span>
    </p>

    <p class='ocr_par' dir='ltr' id='par_1_9' title="bbox 176 1946 722 1996">
     <span class='ocr_line' id='line_1_28' title="bbox 176 1946 722 1996; baseline 0.004 -12"><span class='ocrx_word' id='word_1_207' title='bbox 176 1946 210 1991; x_wconf 83' lang='lat' dir='ltr'>b)</span> <span class='ocrx_word' id='word_1_208' title='bbox 240 1949 326 1984; x_wconf 85' lang='lat' dir='ltr'><strong>Tab.</strong></span> <span class='ocrx_word' id='word_1_209' title='bbox 355 1950 412 1984; x_wconf 86' lang='lat' dir='ltr'>IX.</span> <span class='ocrx_word' id='word_1_210' title='bbox 445 1962 498 1986; x_wconf 91' lang='lat'>10.</span> <span class='ocrx_word' id='word_1_211' title='bbox 529 1963 570 1995; x_wconf 85' lang='lat'>¹5-</span> <span class='ocrx_word' id='word_1_212' title='bbox 609 1963 653 1986; x_wconf 83' lang='lat'>12.</span> <span class='ocrx_word' id='word_1_213' title='bbox 680 1963 722 1996; x_wconf 79' lang='grc' dir='ltr'>ις.</span> 
     </span>
    </p>

    <p class='ocr_par' dir='ltr' id='par_1_10' title="bbox 176 2010 663 2056">
     <span class='ocr_line' id='line_1_29' title="bbox 176 2010 663 2056; baseline 0 -12"><span class='ocrx_word' id='word_1_214' title='bbox 176 2011 214 2052; x_wconf 89' lang='lat' dir='ltr'>c)</span> <span class='ocrx_word' id='word_1_215' title='bbox 242 2010 329 2045; x_wconf 86' lang='lat' dir='ltr'>Tab.</span> <span class='ocrx_word' id='word_1_216' title='bbox 357 2010 439 2045; x_wconf 82' lang='lat' dir='ltr'>Vll.</span> <span class='ocrx_word' id='word_1_217' title='bbox 467 2011 505 2047; x_wconf 88' lang='lat' dir='ltr'>E.</span> <span class='ocrx_word' id='word_1_218' title='bbox 533 2019 572 2051; x_wconf 82' lang='lat'>28</span> <span class='ocrx_word' id='word_1_219' title='bbox 612 2022 663 2056; x_wconf 83' lang='lat'>32.</span> 
     </span>
    </p>

    <p class='ocr_par' dir='ltr' id='par_1_11' title="bbox 175 2069 592 2114">
     <span class='ocr_line' id='line_1_30' title="bbox 175 2069 592 2114; baseline -0.002 -9"><span class='ocrx_word' id='word_1_220' title='bbox 175 2070 217 2112; x_wconf 84' lang='lat' dir='ltr'>d)</span> <span class='ocrx_word' id='word_1_221' title='bbox 248 2069 338 2107; x_wconf 77' lang='lat' dir='ltr'>Tab‚</span> <span class='ocrx_word' id='word_1_222' title='bbox 365 2070 416 2106; x_wconf 65' lang='lat' dir='ltr'>IX&#39;,</span> <span class='ocrx_word' id='word_1_223' title='bbox 445 2083 476 2104; x_wconf 85' lang='lat' dir='ltr'>x.</span> <span class='ocrx_word' id='word_1_224' title='bbox 503 2084 536 2114; x_wconf 87' lang='lat'>4.</span> <span class='ocrx_word' id='word_1_225' title='bbox 564 2084 592 2106; x_wconf 89' lang='lat' dir='ltr'>z.</span> 
     </span>
    </p>

    <p class='ocr_par' dir='ltr' id='par_1_12' title="bbox 177 2130 826 2175">
     <span class='ocr_line' id='line_1_31' title="bbox 177 2130 826 2175; baseline 0 -10"><span class='ocrx_word' id='word_1_226' title='bbox 177 2134 215 2175; x_wconf 79' lang='lat' dir='ltr'>e)</span> <span class='ocrx_word' id='word_1_227' title='bbox 243 2130 327 2163; x_wconf 79' lang='lat' dir='ltr'>Tab.</span> <span class='ocrx_word' id='word_1_228' title='bbox 355 2130 431 2162; x_wconf 90' lang='lat' dir='ltr'>VII.</span> <span class='ocrx_word' id='word_1_229' title='bbox 460 2142 507 2173; x_wconf 75' lang='lat'>41·</span> <span class='ocrx_word' id='word_1_230' title='bbox 536 2142 586 2173; x_wconf 86' lang='lat'>42.</span> <span class='ocrx_word' id='word_1_231' title='bbox 614 2141 670 2174; x_wconf 73' lang='lat'>44.</span> <span class='ocrx_word' id='word_1_232' title='bbox 699 2142 748 2173; x_wconf 80' lang='lat'>47.</span> <span class='ocrx_word' id='word_1_233' title='bbox 775 2142 826 2175; x_wconf 87' lang='lat'>50.</span> 
     </span>
    </p>

    <p class='ocr_par' dir='ltr' id='par_1_13' title="bbox 174 2191 1197 2238">
     <span class='ocr_line' id='line_1_32' title="bbox 174 2191 1197 2238; baseline 0.003 -14"><span class='ocrx_word' id='word_1_234' title='bbox 174 2192 214 2238; x_wconf 86' lang='lat' dir='ltr'>s)</span> <span class='ocrx_word' id='word_1_235' title='bbox 245 2192 330 2231; x_wconf 82' lang='lat' dir='ltr'>Tab,</span> <span class='ocrx_word' id='word_1_236' title='bbox 361 2191 436 2225; x_wconf 89' lang='lat' dir='ltr'>VII.</span> <span class='ocrx_word' id='word_1_237' title='bbox 465 2203 515 2234; x_wconf 78' lang='lat'>41.</span> <span class='ocrx_word' id='word_1_238' title='bbox 543 2204 595 2235; x_wconf 84' lang='lat'>42.</span> <span class='ocrx_word' id='word_1_239' title='bbox 620 2204 671 2235; x_wconf 78' lang='lat'>43.</span> <span class='ocrx_word' id='word_1_240' title='bbox 701 2205 755 2236; x_wconf 84' lang='lat'>40.</span> <span class='ocrx_word' id='word_1_241' title='bbox 808 2192 893 2229; x_wconf 83' lang='lat' dir='ltr'><strong>Tab.</strong></span> <span class='ocrx_word' id='word_1_242' title='bbox 920 2193 979 2230; x_wconf 65' lang='lat' dir='ltr'>1x&#39;.</span> <span class='ocrx_word' id='word_1_243' title='bbox 1006 2205 1047 2230; x_wconf 83' lang='lat'>11.</span> <span class='ocrx_word' id='word_1_244' title='bbox 1076 2195 1122 2230; x_wconf 84' lang='lat'>16.</span> <span class='ocrx_word' id='word_1_245' title='bbox 1150 2203 1197 2236; x_wconf 80' lang='lat'>¹7·</span> 
     </span>
    </p>

    <p class='ocr_par' dir='ltr' id='par_1_14' title="bbox 178 2253 494 2300">
     <span class='ocr_line' id='line_1_33' title="bbox 178 2253 494 2300; baseline 0 -12"><span class='ocrx_word' id='word_1_246' title='bbox 178 2257 221 2300; x_wconf 83' lang='lat' dir='ltr'>g)</span> <span class='ocrx_word' id='word_1_247' title='bbox 246 2253 329 2288; x_wconf 77' lang='lat' dir='ltr'>Tab.</span> <span class='ocrx_word' id='word_1_248' title='bbox 359 2255 412 2288; x_wconf 86' lang='lat' dir='ltr'>IX.</span> <span class='ocrx_word' id='word_1_249' title='bbox 448 2262 494 2294; x_wconf 69' lang='lat'>18⁴</span> 
     </span>
    </p>

    <p class='ocr_par' dir='ltr' id='par_1_15' title="bbox 178 2312 944 2362">
     <span class='ocr_line' id='line_1_34' title="bbox 178 2312 944 2362; baseline -0.003 -9"><span class='ocrx_word' id='word_1_250' title='bbox 178 2314 215 2361; x_wconf 80' lang='lat' dir='ltr'>h)</span> <span class='ocrx_word' id='word_1_251' title='bbox 242 2315 325 2353; x_wconf 82' lang='lat' dir='ltr'>Tab.</span> <span class='ocrx_word' id='word_1_252' title='bbox 351 2316 409 2350; x_wconf 83' lang='lat' dir='ltr'>IX.</span> <span class='ocrx_word' id='word_1_253' title='bbox 433 2313 456 2351; x_wconf 86' lang='lat' dir='ltr'>l.</span> <span class='ocrx_word' id='word_1_254' title='bbox 482 2328 528 2351; x_wconf 89' lang='lat' dir='ltr'>m.</span> <span class='ocrx_word' id='word_1_255' title='bbox 554 2329 588 2352; x_wconf 79' lang='lat' dir='ltr'>n.</span> <span class='ocrx_word' id='word_1_256' title='bbox 642 2312 725 2350; x_wconf 86' lang='lat' dir='ltr'>Tab.</span> <span class='ocrx_word' id='word_1_257' title='bbox 758 2314 822 2351; x_wconf 85' lang='lat' dir='ltr'>VI.</span> <span class='ocrx_word' id='word_1_258' title='bbox 851 2328 882 2362; x_wconf 84' lang='lat' dir='ltr'>y.</span> <span class='ocrx_word' id='word_1_259' title='bbox 911 2327 944 2360; x_wconf 87' lang='lat'>9.</span> 
     </span>
    </p>
   </div>
  </div>
 </body>
</html>
