2080 2682
668 162 816 176 ---
849 139 1003 196 (327)
1037 155 1187 168 --·

141 259 319 312 crystalli
365 258 590 301 nonnullae
634 255 741 298 aceti
779 255 966 309 glacialis
1004 255 1193 307 elychnii
1229 254 1267 296 ei
1301 252 1485 295 immersi
1521 256 1727 296 extremi-

140 325 212 365 tati
250 325 543 370 adhaererent3
597 320 738 375 postea
772 320 1021 371 elychnium
1058 321 1167 372 hoc,
1203 321 1244 360 in
1282 319 1392 360 vitro
1429 328 1593 360 acetum
1633 333 1729 371 cry-

139 389 372 430 stallisabile
417 386 662 427 continente
708 384 941 438 frigorique
985 395 1069 434 158
1115 386 1320 439 graduum
1368 384 1588 438 expolito,
1641 384 1729 425 sus-

138 453 267 506 pendi
303 466 350 493 ea
386 450 573 502 ratione,
623 458 669 489 vt
703 450 890 500 elychnii
935 451 1179 490 extremitas
1217 448 1463 501 crystallulis
1500 451 1538 489 ei
1575 449 1728 490 adhae-

138 518 328 557 rentibus
364 514 507 555 onusta
542 514 648 555 aceti
686 513 951 567 superficiem
990 522 1206 567 tangeret,
1244 528 1329 567 quo
1368 513 1502 565 facto,
1558 513 1728 566 crystal-

138 580 338 621 lisationis
376 579 609 633 primordia
656 579 844 618 iucundo
889 578 1025 618 oculis
1069 579 1304 632 spec‘taculo
1340 578 1423 617 sine
1461 591 1580 619 mora
1617 579 1727 625 vidi;

139 645 266 685 initio
311 645 423 684 enim
471 656 620 696 magna
655 643 716 683 vis
764 641 1104 693 crystallulorum
1149 643 1190 682 in
1237 641 1455 695 superficie
1492 643 1594 682 oriri
1632 654 1731 682 coe-

137 709 224 761 pit,
282 709 353 760 qui
390 708 530 747 nivem
569 707 735 747 mentiti
771 707 950 747 fundum
995 706 1218 761 petebant;
1274 706 1393 746 breui
1437 707 1528 760 post
1563 706 1732 758 crystal-

137 772 204 812 los
242 773 443 813 radicatas
482 771 753 824 dinei-gentes
785 781 826 810 et
849 771 1034 811 ociffime
1070 772 1110 810 in
1148 771 1328 824 longum
1368 772 1601 811 crescentes
1637 769 1734 824 gof-

137 836 241 890 sypii
279 836 561 887 extremitati,
606 835 903 890 penicillorum
942 837 989 876 ad
1028 836 1174 887 instar,
1227 835 1454 875 adhaerere
1491 835 1604 886 vidi,
1647 836 1727 885 ita,

138 910 183 940 vt
218 901 340 940 vnins
379 901 508 941 horae
546 900 677 953 spatio
714 900 972 955 pulcerrima
1010 902 1116 942 aceti
1154 899 1278 940 nostri
1316 899 1601 951 crystallis-atio
1645 898 1737 953 pla-

138 977 191 1004 ne
227 964 414 1005 absoluta
452 964 595 1004 fuerit.

334 1068 566 1121 Singularis
605 1077 647 1108 et
682 1068 886 1121 elegantis
924 1067 1095 1108 effeetus
1143 1067 1268 1107 huius
1313 1067 1443 1107 caussa
1479 1080 1534 1107 ex
1570 1079 1616 1107 ea
1653 1067 1739 1108 aci-

140 1133 181 1172 di
217 1132 320 1172 aceti
358 1132 620 1185 proprietate
658 1132 889 1185 repetenda
926 1132 1007 1183 est,
1063 1145 1143 1183 qua
1178 1132 1220 1170 id
1257 1131 1386 1170 alium
1432 1131 1741 1182 crystallisatio-

140 1197 228 1249 nis⁷
265 1196 579 1249 liquefactionis
619 1195 746 1235 alium
785 1195 1007 1247 temperiei
1043 1195 1224 1246 gradum
1260 1193 1402 1233 habet.

336 1314 514 1368 Duplex
566 1314 622 1354 est
673 1314 923 1355 encheirefis
970 1314 1095 1355 huius
1145 1314 1333 1366 volitas,
1390 1314 1596 1369 liquidem
1649 1315 1740 1355 eius

147 1391 230 1432 ope
276 1379 384 1420 aceti
433 1378 718 1430 crystallisatio
763 1393 849 1420 non
895 1379 1051 1419 minori
1097 1378 1232 1419 solnm
1285 1379 1443 1432 frigore
1489 1379 1743 1433 perficitur,

146 1442 214 1483 sed
254 1456 428 1497 magnae
465 1443 591 1483 etiam
629 1454 672 1484 et
706 1444 918 1497 regulares
956 1446 1152 1483 oriuntur
1188 1444 1394 1495 crystalli,
1431 1457 1451 1484 a
1491 1444 1642 1497 quibus
1680 1443 1746 1482 su-

147 1508 300 1561 perstes
349 1508 481 1547 muria
528 1508 727 1547 facillime
765 1517 808 1548 et
842 1508 925 1548 fine
962 1521 1081 1548 mora
1119 1508 1331 1548 decantari
1376 1509 1524 1561 potest.
1615 1507 1744 1547 Adde

151 1573 265 1623 quod
304 1571 483 1611 debilius
523 1584 695 1624 quoque
741 1580 935 1621 acetum,
989 1585 1034 1611 ac
1071 1570 1189 1624 supra
1226 1571 1291 1624 (ᾗ.
1335 1585 1374 1620 3.
1413 1586 1451 1611 n.
1496 1572 1560 1624 Ι.)
1604 1570 1746 1612 nomi-

147 1635 262 1686 naui,
303 1648 361 1685 24
396 1647 548 1687 nempe
586 1636 811 1688 graduum,
848 1635 1180 1686 crystallisationi
1218 1636 1471 1676 encheirefis
1511 1636 1635 1676 huius
1675 1634 1748 1675 ad-

148 1699 354 1739 miniculo
399 1708 541 1752 aptum
586 1699 658 1750 fit,
714 1699 954 1740 dnmmodo
993 1699 1077 1741 hoc
1113 1700 1154 1739 in
1193 1700 1285 1741 casu
1339 1700 1471 1754 frigus
1511 1712 1635 1753 quam
1671 1711 1746 1739 ve·

149 1762 507 1804 hementissimum
542 1763 583 1802 in
621 1763 827 1803 auxilium
863 1773 1058 1804 vocetur.

341 1870 378 1922 ς.
433 1884 502 1910 12.
586 1871 895 1913 Tentaminum
934 1874 1158 1927 hucusque
1196 1871 1503 1925 descriptorum
1549 1869 1743 1912 omnium

152 1934 459 1989 prosperrimus
493 1934 693 1975 successus
732 1950 816 1977 non
853 1939 1026 1978 incitare
1066 1950 1131 1977 me
1170 1950 1256 1976 non
1293 1937 1460 1989 potuit,
1497 1945 1566 1985 vt,
1604 1935 1746 1989 pollit-

154 2012 204 2039 ne
243 2008 408 2039 acetum
448 1997 622 2051 glaciale
659 1999 747 2040 aliis
784 2002 920 2042 adhuc
958 2003 1089 2055 parari
1129 2001 1294 2051 modis,
1333 2001 1571 2053 expet-irem
1619 1999 1746 2051 idque

155 2064 255 2103 ideo
302 2062 539 2117 imprimis,
596 2064 709 2116 quod
755 2077 849 2105 eum
896 2079 1005 2106 nunc
1053 2066 1332 2119 cognouerim
1387 2063 1746 2105 concentrationis

156 2127 357 2181 gradum,
396 2139 521 2180 quem
559 2138 750 2179 acetum,
786 2139 831 2169 vt
873 2140 992 2171 certo
1037 2130 1205 2184 frigoris
1243 2129 1389 2183 gradui
1428 2129 1665 2184 expositum
1703 2128 1747 2168 in

159 2191 374 2242 crystallos
413 2191 527 2232 cone
566 2200 716 2245 queat,
752 2193 945 2247 postulat.

1646 2287 1747 2328 EX-
