<?xml version="1.0" encoding="UTF-8"?>
<!DOCTYPE html PUBLIC "-//W3C//DTD XHTML 1.0 Transitional//EN"
    "http://www.w3.org/TR/xhtml1/DTD/xhtml1-transitional.dtd">
<html xmlns="http://www.w3.org/1999/xhtml" xml:lang="en" lang="en">
 <head>
  <title>
</title>
<meta http-equiv="Content-Type" content="text/html;charset=utf-8" />
  <meta name='ocr-system' content='tesseract 3.04.00' />
  <meta name='ocr-capabilities' content='ocr_page ocr_carea ocr_par ocr_line ocrx_word'/>
</head>
<body>
  <div class='ocr_page' id='page_1' title='image "./novaactaacademia08impe_0379.png"; bbox 0 0 2080 2682; ppageno 0'>
   <div class='ocr_carea' id='block_1_1' title="bbox 661 96 1200 153">
    <p class='ocr_par' dir='ltr' id='par_1_1' title="bbox 661 96 1200 153">
     <span class='ocr_line' id='line_1_1' title="bbox 661 96 1200 153; baseline -0.002 -14"><span class='ocrx_word' id='word_1_1' title='bbox 661 96 1016 153; x_wconf 83' lang='lat'>——·-(285)</span> <span class='ocrx_word' id='word_1_2' title='bbox 1053 113 1200 138; x_wconf 55' lang='grc' dir='ltr'><strong>,τε-</strong></span> 
     </span>
    </p>
   </div>
   <div class='ocr_carea' id='block_1_2' title="bbox 662 133 810 142">
    <p class='ocr_par' dir='ltr' id='par_1_2' title="bbox 662 133 810 142">
     <span class='ocr_line' id='line_1_2' title="bbox 662 133 810 142; baseline 0 2540"><span class='ocrx_word' id='word_1_3' title='bbox 662 133 810 142; x_wconf 95' lang='lat' dir='ltr'><strong> </strong></span> 
     </span>
    </p>
   </div>
   <div class='ocr_carea' id='block_1_3' title="bbox 123 211 1507 429">
    <p class='ocr_par' dir='ltr' id='par_1_3' title="bbox 123 211 1507 429">
     <span class='ocr_line' id='line_1_3' title="bbox 125 211 1507 269; baseline -0.002 -11"><span class='ocrx_word' id='word_1_4' title='bbox 125 217 163 258; x_wconf 90' lang='lat' dir='ltr'><strong>b.</strong></span> <span class='ocrx_word' id='word_1_5' title='bbox 198 215 236 257; x_wconf 88' lang='lat' dir='ltr'><strong>b.</strong></span> <span class='ocrx_word' id='word_1_6' title='bbox 271 214 310 256; x_wconf 81' lang='lat' dir='ltr'><strong>b.</strong></span> <span class='ocrx_word' id='word_1_7' title='bbox 380 211 503 256; x_wconf 85' lang='lat' dir='ltr'><strong>Clara</strong></span> <span class='ocrx_word' id='word_1_8' title='bbox 540 212 738 255; x_wconf 84' lang='lat' dir='ltr'><strong>continua</strong></span> <span class='ocrx_word' id='word_1_9' title='bbox 772 212 985 267; x_wconf 88' lang='lat' dir='ltr'><strong>pellucida</strong></span> <span class='ocrx_word' id='word_1_10' title='bbox 1030 212 1249 256; x_wconf 81' lang='lat' dir='ltr'><strong>substantia</strong></span> <span class='ocrx_word' id='word_1_11' title='bbox 1283 213 1507 269; x_wconf 76' lang='lat' dir='ltr'>glutinosa..</span> 
     </span>
     <span class='ocr_line' id='line_1_4' title="bbox 125 289 1195 345; baseline -0.003 -10"><span class='ocrx_word' id='word_1_12' title='bbox 125 307 158 336; x_wconf 87' lang='lat' dir='ltr'><strong>c.</strong></span> <span class='ocrx_word' id='word_1_13' title='bbox 195 307 230 335; x_wconf 86' lang='lat' dir='ltr'><strong>c.</strong></span> <span class='ocrx_word' id='word_1_14' title='bbox 298 292 412 344; x_wconf 78' lang='lat' dir='ltr'><strong>Fila,</strong></span> <span class='ocrx_word' id='word_1_15' title='bbox 446 292 488 332; x_wconf 89' lang='lat' dir='ltr'><strong>in</strong></span> <span class='ocrx_word' id='word_1_16' title='bbox 526 303 629 345; x_wconf 80' lang='lat' dir='ltr'><strong>quae</strong></span> <span class='ocrx_word' id='word_1_17' title='bbox 666 289 788 333; x_wconf 86' lang='lat' dir='ltr'><strong>facile</strong></span> <span class='ocrx_word' id='word_1_18' title='bbox 824 290 897 332; x_wconf 82' lang='lat' dir='ltr'><strong>illa</strong></span> <span class='ocrx_word' id='word_1_19' title='bbox 933 292 1195 334; x_wconf 83' lang='lat' dir='ltr'><strong>extenditur.</strong></span> 
     </span>
     <span class='ocr_line' id='line_1_5' title="bbox 123 369 1427 429; baseline -0.002 -14"><span class='ocrx_word' id='word_1_20' title='bbox 123 373 163 415; x_wconf 81' lang='lat' dir='ltr'><strong>d.</strong></span> <span class='ocrx_word' id='word_1_21' title='bbox 199 374 239 416; x_wconf 79' lang='lat' dir='ltr'><strong>d.</strong></span> <span class='ocrx_word' id='word_1_22' title='bbox 307 369 527 416; x_wconf 85' lang='lat' dir='ltr'><strong>Veficulae</strong></span> <span class='ocrx_word' id='word_1_23' title='bbox 562 370 742 427; x_wconf 84' lang='lat' dir='ltr'><strong>adipofis</strong></span> <span class='ocrx_word' id='word_1_24' title='bbox 779 371 994 426; x_wconf 81' lang='lat' dir='ltr'><strong>minoreS,</strong></span> <span class='ocrx_word' id='word_1_25' title='bbox 1031 372 1259 429; x_wconf 84' lang='lat' dir='ltr'><strong>dispersae,</strong></span> <span class='ocrx_word' id='word_1_26' title='bbox 1292 371 1427 415; x_wconf 81' lang='lat' dir='ltr'><strong>albae.</strong></span> 
     </span>
    </p>
   </div>
   <div class='ocr_carea' id='block_1_4' title="bbox 314 501 1715 643">
    <p class='ocr_par' dir='ltr' id='par_1_4' title="bbox 314 501 1715 643">
     <span class='ocr_line' id='line_1_6' title="bbox 828 501 1006 556; baseline 0.006 -15"><span class='ocrx_word' id='word_1_27' title='bbox 828 501 919 556; x_wconf 79' lang='lat' dir='ltr'><strong>Fig.</strong></span> <span class='ocrx_word' id='word_1_28' title='bbox 965 514 1006 551; x_wconf 85' lang='lat'><strong>3.</strong></span> 
     </span>
     <span class='ocr_line' id='line_1_7' title="bbox 314 589 1715 643; baseline -0.001 -9"><span class='ocrx_word' id='word_1_29' title='bbox 314 593 539 634; x_wconf 79' lang='lat' dir='ltr'>Portiones</span> <span class='ocrx_word' id='word_1_30' title='bbox 594 592 777 632; x_wconf 91' lang='lat' dir='ltr'><strong>duorum</strong></span> <span class='ocrx_word' id='word_1_31' title='bbox 831 591 1157 643; x_wconf 86' lang='lat' dir='ltr'><strong>musculorum,</strong></span> <span class='ocrx_word' id='word_1_32' title='bbox 1213 590 1414 633; x_wconf 83' lang='lat' dir='ltr'><strong>cellulosa</strong></span> <span class='ocrx_word' id='word_1_33' title='bbox 1465 589 1715 633; x_wconf 62' lang='lat' dir='ltr'><strong>coniuncto-</strong></span> 
     </span>
    </p>
   </div>
   <div class='ocr_carea' id='block_1_5' title="bbox 120 655 1713 777">
    <p class='ocr_par' dir='ltr' id='par_1_5' title="bbox 120 655 1713 777">
     <span class='ocr_line' id='line_1_8' title="bbox 121 655 1713 712; baseline -0.003 -12"><span class='ocrx_word' id='word_1_34' title='bbox 121 670 242 711; x_wconf 88' lang='lat' dir='ltr'><strong>rum,</strong></span> <span class='ocrx_word' id='word_1_35' title='bbox 278 658 416 712; x_wconf 81' lang='lat' dir='ltr'><strong>aliqua</strong></span> <span class='ocrx_word' id='word_1_36' title='bbox 451 666 567 711; x_wconf 84' lang='lat' dir='ltr'><strong>parte</strong></span> <span class='ocrx_word' id='word_1_37' title='bbox 606 657 839 698; x_wconf 89' lang='lat' dir='ltr'><strong>secundum</strong></span> <span class='ocrx_word' id='word_1_38' title='bbox 876 657 1194 710; x_wconf 85' lang='lat' dir='ltr'>longitudinem</span> <span class='ocrx_word' id='word_1_39' title='bbox 1230 670 1250 697; x_wconf 85' lang='lat' dir='ltr'><strong>a</strong></span> <span class='ocrx_word' id='word_1_40' title='bbox 1287 656 1326 697; x_wconf 88' lang='lat' dir='ltr'><strong>se</strong></span> <span class='ocrx_word' id='word_1_41' title='bbox 1364 655 1550 697; x_wconf 90' lang='lat' dir='ltr'><strong>inuicem</strong></span> <span class='ocrx_word' id='word_1_42' title='bbox 1595 655 1713 709; x_wconf 84' lang='lat' dir='ltr'><strong>sepa-</strong></span> 
     </span>
     <span class='ocr_line' id='line_1_9' title="bbox 120 719 1713 777; baseline -0.002 -14"><span class='ocrx_word' id='word_1_43' title='bbox 120 732 259 776; x_wconf 83' lang='lat' dir='ltr'><strong>ratae,</strong></span> <span class='ocrx_word' id='word_1_44' title='bbox 311 722 598 777; x_wconf 89' lang='lat' dir='ltr'><strong>microscopio</strong></span> <span class='ocrx_word' id='word_1_45' title='bbox 634 721 945 775; x_wconf 74' lang='lat' dir='ltr'><strong>consideratae,</strong></span> <span class='ocrx_word' id='word_1_46' title='bbox 1000 734 1085 776; x_wconf 94' lang='lat' dir='ltr'><strong>quo</strong></span> <span class='ocrx_word' id='word_1_47' title='bbox 1123 723 1377 764; x_wconf 64' lang='lat' dir='ltr'><strong>connectens</strong></span> <span class='ocrx_word' id='word_1_48' title='bbox 1415 721 1541 763; x_wconf 80' lang='lat' dir='ltr'><strong>fibras</strong></span> <span class='ocrx_word' id='word_1_49' title='bbox 1578 719 1713 762; x_wconf 85' lang='lat' dir='ltr'><strong>cellu-</strong></span> 
     </span>
    </p>
   </div>
   <div class='ocr_carea' id='block_1_6' title="bbox 123 787 453 843">
    <p class='ocr_par' dir='ltr' id='par_1_6' title="bbox 123 787 453 843">
     <span class='ocr_line' id='line_1_10' title="bbox 123 787 453 843; baseline -0.003 -16"><span class='ocrx_word' id='word_1_50' title='bbox 123 787 209 829; x_wconf 84' lang='lat' dir='ltr'><strong>losa</strong></span> <span class='ocrx_word' id='word_1_51' title='bbox 244 796 453 843; x_wconf 80' lang='lat' dir='ltr'><strong>appareat.</strong></span> 
     </span>
    </p>
   </div>
   <div class='ocr_carea' id='block_1_7' title="bbox 124 874 1072 931">
    <p class='ocr_par' dir='ltr' id='par_1_7' title="bbox 124 874 1072 931">
     <span class='ocr_line' id='line_1_11' title="bbox 124 874 1072 931; baseline 0.001 -16"><span class='ocrx_word' id='word_1_52' title='bbox 124 887 163 915; x_wconf 88' lang='lat' dir='ltr'><strong>a.</strong></span> <span class='ocrx_word' id='word_1_53' title='bbox 200 874 238 915; x_wconf 82' lang='lat' dir='ltr'><strong>b.</strong></span> <span class='ocrx_word' id='word_1_54' title='bbox 307 875 493 917; x_wconf 71' lang='lat' dir='ltr'><strong>Musculi</strong></span> <span class='ocrx_word' id='word_1_55' title='bbox 530 889 552 917; x_wconf 86' lang='lat' dir='ltr'><strong>a</strong></span> <span class='ocrx_word' id='word_1_56' title='bbox 587 875 625 916; x_wconf 76' lang='lat' dir='ltr'><strong>se</strong></span> <span class='ocrx_word' id='word_1_57' title='bbox 661 875 848 917; x_wconf 89' lang='lat' dir='ltr'><strong>inuicem</strong></span> <span class='ocrx_word' id='word_1_58' title='bbox 885 876 1072 931; x_wconf 85' lang='lat' dir='ltr'><strong>separati.</strong></span> 
     </span>
    </p>
   </div>
   <div class='ocr_carea' id='block_1_8' title="bbox 112 951 1712 1678">
    <p class='ocr_par' dir='ltr' id='par_1_8' title="bbox 123 951 929 992">
     <span class='ocr_line' id='line_1_12' title="bbox 123 951 929 992; baseline -0.001 -2"><span class='ocrx_word' id='word_1_59' title='bbox 123 964 157 990; x_wconf 86' lang='lat' dir='ltr'><strong>c.</strong></span> <span class='ocrx_word' id='word_1_60' title='bbox 194 964 228 991; x_wconf 87' lang='lat' dir='ltr'><strong>c.</strong></span> <span class='ocrx_word' id='word_1_61' title='bbox 265 965 297 992; x_wconf 81' lang='lat' dir='ltr'><strong>c.</strong></span> <span class='ocrx_word' id='word_1_62' title='bbox 335 965 368 992; x_wconf 83' lang='lat' dir='ltr'><strong>c.</strong></span> <span class='ocrx_word' id='word_1_63' title='bbox 439 951 589 992; x_wconf 83' lang='lat' dir='ltr'><strong>Fibrae</strong></span> <span class='ocrx_word' id='word_1_64' title='bbox 626 952 929 992; x_wconf 89' lang='lat' dir='ltr'><strong>musculorum.</strong></span> 
     </span>
    </p>

    <p class='ocr_par' dir='ltr' id='par_1_9' title="bbox 120 1020 1712 1141">
     <span class='ocr_line' id='line_1_13' title="bbox 120 1020 1712 1076; baseline -0.002 -12"><span class='ocrx_word' id='word_1_65' title='bbox 120 1024 160 1064; x_wconf 80' lang='lat' dir='ltr'><strong>d.</strong></span> <span class='ocrx_word' id='word_1_66' title='bbox 196 1025 235 1065; x_wconf 89' lang='lat' dir='ltr'><strong>d.</strong></span> <span class='ocrx_word' id='word_1_67' title='bbox 263 1025 303 1065; x_wconf 87' lang='lat' dir='ltr'><strong>d.</strong></span> <span class='ocrx_word' id='word_1_68' title='bbox 330 1026 369 1066; x_wconf 88' lang='lat' dir='ltr'><strong>d.</strong></span> <span class='ocrx_word' id='word_1_69' title='bbox 437 1024 709 1065; x_wconf 85' lang='lat' dir='ltr'><strong>Interstitium</strong></span> <span class='ocrx_word' id='word_1_70' title='bbox 743 1025 854 1064; x_wconf 86' lang='lat' dir='ltr'><strong>inter</strong></span> <span class='ocrx_word' id='word_1_71' title='bbox 891 1023 1101 1064; x_wconf 86' lang='lat' dir='ltr'><strong>musculos</strong></span> <span class='ocrx_word' id='word_1_72' title='bbox 1137 1023 1179 1062; x_wconf 88' lang='lat' dir='ltr'><strong>in</strong></span> <span class='ocrx_word' id='word_1_73' title='bbox 1216 1021 1294 1062; x_wconf 85' lang='lat' dir='ltr'><strong>hac</strong></span> <span class='ocrx_word' id='word_1_74' title='bbox 1329 1029 1446 1076; x_wconf 83' lang='lat' dir='ltr'><strong>parte</strong></span> <span class='ocrx_word' id='word_1_75' title='bbox 1483 1020 1712 1073; x_wconf 59' lang='lat' dir='ltr'><strong>distractos,</strong></span> 
     </span>
     <span class='ocr_line' id='line_1_14' title="bbox 315 1088 775 1141; baseline -0.004 -13"><span class='ocrx_word' id='word_1_76' title='bbox 315 1088 514 1128; x_wconf 84' lang='lat' dir='ltr'><strong>cellulosa</strong></span> <span class='ocrx_word' id='word_1_77' title='bbox 550 1088 775 1141; x_wconf 85' lang='lat' dir='ltr'><strong>repletum.</strong></span> 
     </span>
    </p>

    <p class='ocr_par' dir='ltr' id='par_1_10' title="bbox 118 1161 1712 1473">
     <span class='ocr_line' id='line_1_15' title="bbox 118 1161 1711 1218; baseline -0.003 -13"><span class='ocrx_word' id='word_1_78' title='bbox 118 1175 153 1205; x_wconf 83' lang='lat' dir='ltr'><strong>e.</strong></span> <span class='ocrx_word' id='word_1_79' title='bbox 189 1177 223 1205; x_wconf 88' lang='lat' dir='ltr'><strong>e.</strong></span> <span class='ocrx_word' id='word_1_80' title='bbox 290 1163 439 1206; x_wconf 85' lang='lat' dir='ltr'><strong>Bullae</strong></span> <span class='ocrx_word' id='word_1_81' title='bbox 477 1177 648 1215; x_wconf 79' lang='lat' dir='ltr'><strong>aereae,</strong></span> <span class='ocrx_word' id='word_1_82' title='bbox 701 1164 854 1218; x_wconf 82' lang='lat' dir='ltr'><strong>quibus</strong></span> <span class='ocrx_word' id='word_1_83' title='bbox 900 1164 1023 1216; x_wconf 79' lang='lat' dir='ltr'><strong>plena</strong></span> <span class='ocrx_word' id='word_1_84' title='bbox 1060 1162 1115 1202; x_wconf 89' lang='lat' dir='ltr'><strong>est</strong></span> <span class='ocrx_word' id='word_1_85' title='bbox 1152 1161 1376 1212; x_wconf 80' lang='lat' dir='ltr'><strong>cellulosa,</strong></span> <span class='ocrx_word' id='word_1_86' title='bbox 1430 1175 1536 1215; x_wconf 78' lang='lat' dir='ltr'><strong>quae</strong></span> <span class='ocrx_word' id='word_1_87' title='bbox 1580 1162 1711 1202; x_wconf 90' lang='lat' dir='ltr'><strong>inter-</strong></span> 
     </span>
     <span class='ocr_line' id='line_1_16' title="bbox 311 1223 1712 1281; baseline -0.001 -13"><span class='ocrx_word' id='word_1_88' title='bbox 311 1229 465 1268; x_wconf 87' lang='lat' dir='ltr'><strong>stitium</strong></span> <span class='ocrx_word' id='word_1_89' title='bbox 510 1223 667 1280; x_wconf 50' lang='lat' dir='ltr'><strong>replet(</strong></span> <span class='ocrx_word' id='word_1_90' title='bbox 749 1226 1077 1281; x_wconf 79' lang='lat' dir='ltr'>Quamprimum</span> <span class='ocrx_word' id='word_1_91' title='bbox 1122 1226 1236 1265; x_wconf 92' lang='lat' dir='ltr'><strong>enim</strong></span> <span class='ocrx_word' id='word_1_92' title='bbox 1281 1224 1458 1266; x_wconf 89' lang='lat' dir='ltr'><strong>musculi</strong></span> <span class='ocrx_word' id='word_1_93' title='bbox 1503 1225 1712 1266; x_wconf 85' lang='lat' dir='ltr'><strong>diducun-</strong></span> 
     </span>
     <span class='ocr_line' id='line_1_17' title="bbox 315 1289 1710 1343; baseline 0 -13"><span class='ocrx_word' id='word_1_94' title='bbox 315 1300 382 1331; x_wconf 87' lang='lat' dir='ltr'><strong>tur</strong></span> <span class='ocrx_word' id='word_1_95' title='bbox 418 1304 439 1331; x_wconf 85' lang='lat' dir='ltr'><strong>a</strong></span> <span class='ocrx_word' id='word_1_96' title='bbox 473 1292 511 1331; x_wconf 92' lang='lat' dir='ltr'><strong>se</strong></span> <span class='ocrx_word' id='word_1_97' title='bbox 549 1301 726 1342; x_wconf 84' lang='lat' dir='ltr'><strong>mutuo,</strong></span> <span class='ocrx_word' id='word_1_98' title='bbox 779 1301 823 1331; x_wconf 87' lang='lat' dir='ltr'><strong>vt</strong></span> <span class='ocrx_word' id='word_1_99' title='bbox 860 1290 1085 1341; x_wconf 83' lang='lat' dir='ltr'><strong>cellulosa,</strong></span> <span class='ocrx_word' id='word_1_100' title='bbox 1138 1302 1218 1343; x_wconf 81' lang='lat' dir='ltr'><strong>qua</strong></span> <span class='ocrx_word' id='word_1_101' title='bbox 1255 1289 1511 1341; x_wconf 73' lang='lat' dir='ltr'><strong>cohaerent,</strong></span> <span class='ocrx_word' id='word_1_102' title='bbox 1559 1299 1710 1330; x_wconf 86' lang='lat' dir='ltr'><strong>exten-</strong></span> 
     </span>
     <span class='ocr_line' id='line_1_18' title="bbox 316 1353 1707 1409; baseline 0 -14"><span class='ocrx_word' id='word_1_103' title='bbox 316 1355 462 1405; x_wconf 85' lang='lat' dir='ltr'><strong>datur,</strong></span> <span class='ocrx_word' id='word_1_104' title='bbox 518 1368 587 1395; x_wconf 85' lang='lat' dir='ltr'><strong>aer</strong></span> <span class='ocrx_word' id='word_1_105' title='bbox 630 1355 835 1396; x_wconf 89' lang='lat' dir='ltr'><strong>continuo</strong></span> <span class='ocrx_word' id='word_1_106' title='bbox 881 1364 1080 1396; x_wconf 74' lang='lat' dir='ltr'><strong>externus</strong></span> <span class='ocrx_word' id='word_1_107' title='bbox 1127 1367 1224 1395; x_wconf 90' lang='lat' dir='ltr'><strong>cum</strong></span> <span class='ocrx_word' id='word_1_108' title='bbox 1269 1354 1438 1408; x_wconf 86' lang='lat' dir='ltr'><strong>strepitu</strong></span> <span class='ocrx_word' id='word_1_109' title='bbox 1483 1353 1628 1409; x_wconf 82' lang='lat' dir='ltr'><strong>aliquo</strong></span> <span class='ocrx_word' id='word_1_110' title='bbox 1663 1355 1707 1395; x_wconf 87' lang='lat' dir='ltr'><strong>in</strong></span> 
     </span>
     <span class='ocr_line' id='line_1_19' title="bbox 313 1418 1109 1473; baseline -0.001 -14"><span class='ocrx_word' id='word_1_111' title='bbox 313 1431 405 1460; x_wconf 85' lang='lat' dir='ltr'><strong>eam</strong></span> <span class='ocrx_word' id='word_1_112' title='bbox 441 1419 663 1473; x_wconf 73' lang='lat' dir='ltr'><strong>irrumpit,</strong></span> <span class='ocrx_word' id='word_1_113' title='bbox 708 1418 928 1473; x_wconf 81' lang='lat' dir='ltr'><strong>bullasque</strong></span> <span class='ocrx_word' id='word_1_114' title='bbox 966 1419 1109 1460; x_wconf 87' lang='lat' dir='ltr'><strong>efficit.</strong></span> 
     </span>
    </p>

    <p class='ocr_par' dir='ltr' id='par_1_11' title="bbox 112 1490 1708 1678">
     <span class='ocr_line' id='line_1_20' title="bbox 112 1490 1708 1550; baseline 0 -17"><span class='ocrx_word' id='word_1_115' title='bbox 112 1492 152 1550; x_wconf 86' lang='lat' dir='ltr'><strong>s.</strong></span> <span class='ocrx_word' id='word_1_116' title='bbox 179 1491 217 1550; x_wconf 85' lang='lat' dir='ltr'><strong>s.</strong></span> <span class='ocrx_word' id='word_1_117' title='bbox 244 1490 282 1549; x_wconf 86' lang='lat' dir='ltr'><strong>f.</strong></span> <span class='ocrx_word' id='word_1_118' title='bbox 308 1491 347 1548; x_wconf 90' lang='lat' dir='ltr'><strong>f.</strong></span> <span class='ocrx_word' id='word_1_119' title='bbox 431 1494 632 1535; x_wconf 85' lang='lat' dir='ltr'><strong>Laminae</strong></span> <span class='ocrx_word' id='word_1_120' title='bbox 670 1494 894 1535; x_wconf 80' lang='lat' dir='ltr'><strong>cellulosae</strong></span> <span class='ocrx_word' id='word_1_121' title='bbox 930 1495 1039 1534; x_wconf 87' lang='lat' dir='ltr'><strong>inter</strong></span> <span class='ocrx_word' id='word_1_122' title='bbox 1075 1494 1197 1535; x_wconf 80' lang='lat' dir='ltr'><strong>fibras</strong></span> <span class='ocrx_word' id='word_1_123' title='bbox 1240 1492 1568 1545; x_wconf 77' lang='lat' dir='ltr'><strong>descendentes,</strong></span> <span class='ocrx_word' id='word_1_124' title='bbox 1619 1505 1708 1533; x_wconf 81' lang='lat' dir='ltr'><strong>eas-</strong></span> 
     </span>
     <span class='ocr_line' id='line_1_21' title="bbox 315 1556 1708 1612; baseline 0.001 -15"><span class='ocrx_word' id='word_1_125' title='bbox 315 1570 396 1611; x_wconf 90' lang='lat' dir='ltr'><strong>que</strong></span> <span class='ocrx_word' id='word_1_126' title='bbox 435 1558 758 1612; x_wconf 82' lang='lat' dir='ltr'><strong>distinguentes,</strong></span> <span class='ocrx_word' id='word_1_127' title='bbox 804 1559 871 1599; x_wconf 89' lang='lat' dir='ltr'><strong>seu</strong></span> <span class='ocrx_word' id='word_1_128' title='bbox 907 1557 1034 1599; x_wconf 82' lang='lat' dir='ltr'><strong>latera</strong></span> <span class='ocrx_word' id='word_1_129' title='bbox 1070 1559 1342 1612; x_wconf 79' lang='lat' dir='ltr'><strong>vaginarum,</strong></span> <span class='ocrx_word' id='word_1_130' title='bbox 1388 1556 1541 1609; x_wconf 86' lang='lat' dir='ltr'><strong>quibus</strong></span> <span class='ocrx_word' id='word_1_131' title='bbox 1579 1556 1708 1599; x_wconf 83' lang='lat' dir='ltr'><strong>fibrae</strong></span> 
     </span>
     <span class='ocr_line' id='line_1_22' title="bbox 313 1620 1645 1678; baseline -0.002 -15"><span class='ocrx_word' id='word_1_132' title='bbox 313 1621 618 1678; x_wconf 86' lang='lat' dir='ltr'><strong>inuoluuntur,</strong></span> <span class='ocrx_word' id='word_1_133' title='bbox 655 1623 849 1676; x_wconf 85' lang='lat' dir='ltr'><strong>extensa,</strong></span> <span class='ocrx_word' id='word_1_134' title='bbox 896 1635 982 1675; x_wconf 86' lang='lat' dir='ltr'><strong>quo</strong></span> <span class='ocrx_word' id='word_1_135' title='bbox 1019 1621 1088 1664; x_wconf 82' lang='lat' dir='ltr'><strong>fila</strong></span> <span class='ocrx_word' id='word_1_136' title='bbox 1124 1622 1354 1663; x_wconf 83' lang='lat' dir='ltr'><strong>eminentia</strong></span> <span class='ocrx_word' id='word_1_137' title='bbox 1389 1620 1645 1662; x_wconf 88' lang='lat' dir='ltr'><strong>efficiuntur.</strong></span> 
     </span>
    </p>
   </div>
   <div class='ocr_carea' id='block_1_9' title="bbox 121 1750 1710 2009">
    <p class='ocr_par' dir='ltr' id='par_1_12' title="bbox 121 1750 1710 2009">
     <span class='ocr_line' id='line_1_23' title="bbox 827 1750 999 1805; baseline 0 -14"><span class='ocrx_word' id='word_1_138' title='bbox 827 1750 918 1805; x_wconf 82' lang='lat' dir='ltr'><strong>Fig.</strong></span> <span class='ocrx_word' id='word_1_139' title='bbox 956 1764 999 1802; x_wconf 86' lang='lat'><strong>4.</strong></span> 
     </span>
     <span class='ocr_line' id='line_1_24' title="bbox 311 1822 1710 1880; baseline -0.006 -12"><span class='ocrx_word' id='word_1_140' title='bbox 311 1827 435 1868; x_wconf 86' lang='lat' dir='ltr'><strong>Fibra</strong></span> <span class='ocrx_word' id='word_1_141' title='bbox 477 1825 744 1876; x_wconf 84' lang='lat' dir='ltr'><strong>muscularis,</strong></span> <span class='ocrx_word' id='word_1_142' title='bbox 799 1823 840 1865; x_wconf 86' lang='lat' dir='ltr'><strong>in</strong></span> <span class='ocrx_word' id='word_1_143' title='bbox 878 1827 978 1867; x_wconf 80' lang='lat' dir='ltr'><strong>duas</strong></span> <span class='ocrx_word' id='word_1_144' title='bbox 1024 1833 1161 1880; x_wconf 82' lang='lat' dir='ltr'><strong>partes</strong></span> <span class='ocrx_word' id='word_1_145' title='bbox 1205 1824 1435 1864; x_wconf 87' lang='lat' dir='ltr'><strong>secundum</strong></span> <span class='ocrx_word' id='word_1_146' title='bbox 1472 1822 1710 1875; x_wconf 82' lang='lat' dir='ltr'><strong>longitudi-</strong></span> 
     </span>
     <span class='ocr_line' id='line_1_25' title="bbox 122 1886 1706 1943; baseline -0.004 -11"><span class='ocrx_word' id='word_1_147' title='bbox 122 1903 221 1932; x_wconf 88' lang='lat' dir='ltr'><strong>nem</strong></span> <span class='ocrx_word' id='word_1_148' title='bbox 259 1891 411 1942; x_wconf 87' lang='lat' dir='ltr'><strong>diuisa,</strong></span> <span class='ocrx_word' id='word_1_149' title='bbox 457 1899 502 1930; x_wconf 79' lang='lat' dir='ltr'><strong>vt</strong></span> <span class='ocrx_word' id='word_1_150' title='bbox 537 1890 760 1943; x_wconf 85' lang='lat' dir='ltr'><strong>cellulosa,</strong></span> <span class='ocrx_word' id='word_1_151' title='bbox 811 1890 880 1932; x_wconf 87' lang='lat' dir='ltr'><strong>seu</strong></span> <span class='ocrx_word' id='word_1_152' title='bbox 917 1890 1124 1943; x_wconf 74' lang='lat' dir='ltr'><strong>glutinosa</strong></span> <span class='ocrx_word' id='word_1_153' title='bbox 1159 1888 1401 1939; x_wconf 84' lang='lat' dir='ltr'><strong>substantia,</strong></span> <span class='ocrx_word' id='word_1_154' title='bbox 1458 1900 1539 1939; x_wconf 82' lang='lat' dir='ltr'><strong>qua</strong></span> <span class='ocrx_word' id='word_1_155' title='bbox 1573 1886 1706 1926; x_wconf 88' lang='lat' dir='ltr'><strong>fibril-</strong></span> 
     </span>
     <span class='ocr_line' id='line_1_26' title="bbox 121 1951 1578 2009; baseline -0.002 -12"><span class='ocrx_word' id='word_1_156' title='bbox 121 1956 185 1997; x_wconf 82' lang='lat' dir='ltr'><strong>lae</strong></span> <span class='ocrx_word' id='word_1_157' title='bbox 222 1956 591 2009; x_wconf 84' lang='lat' dir='ltr'><strong>conglutinantur,</strong></span> <span class='ocrx_word' id='word_1_158' title='bbox 627 1964 834 2008; x_wconf 76' lang='lat' dir='ltr'><strong>appareat.</strong></span> <span class='ocrx_word' id='word_1_159' title='bbox 902 1954 1197 2008; x_wconf 88' lang='lat' dir='ltr'><strong>Microscopio</strong></span> <span class='ocrx_word' id='word_1_160' title='bbox 1235 1952 1448 2007; x_wconf 82' lang='lat' dir='ltr'><strong>pellucida</strong></span> <span class='ocrx_word' id='word_1_161' title='bbox 1482 1951 1578 1994; x_wconf 74' lang='lat' dir='ltr'><strong>visa.</strong></span> 
     </span>
    </p>
   </div>
   <div class='ocr_carea' id='block_1_10' title="bbox 121 2045 1706 2321">
    <p class='ocr_par' dir='ltr' id='par_1_13' title="bbox 121 2045 1706 2321">
     <span class='ocr_line' id='line_1_27' title="bbox 124 2045 906 2099; baseline -0.003 -12"><span class='ocrx_word' id='word_1_162' title='bbox 124 2059 163 2087; x_wconf 82' lang='grc' dir='ltr'><strong>α.</strong></span> <span class='ocrx_word' id='word_1_163' title='bbox 232 2045 351 2088; x_wconf 84' lang='lat' dir='ltr'><strong>Fibra</strong></span> <span class='ocrx_word' id='word_1_164' title='bbox 391 2045 567 2087; x_wconf 74' lang='lat' dir='ltr'><strong>naturali</strong></span> <span class='ocrx_word' id='word_1_165' title='bbox 603 2046 906 2099; x_wconf 82' lang='lat' dir='ltr'><strong>magnitudine.</strong></span> 
     </span>
     <span class='ocr_line' id='line_1_28' title="bbox 121 2120 1705 2181; baseline -0.004 -13"><span class='ocrx_word' id='word_1_166' title='bbox 121 2126 156 2168; x_wconf 77' lang='lat' dir='ltr'><strong>b.</strong></span> <span class='ocrx_word' id='word_1_167' title='bbox 191 2141 225 2168; x_wconf 81' lang='lat' dir='ltr'><strong>c.</strong></span> <span class='ocrx_word' id='word_1_168' title='bbox 310 2128 452 2168; x_wconf 79' lang='lat' dir='ltr'><strong>Partes</strong></span> <span class='ocrx_word' id='word_1_169' title='bbox 496 2127 536 2167; x_wconf 88' lang='lat' dir='ltr'><strong>in</strong></span> <span class='ocrx_word' id='word_1_170' title='bbox 585 2140 685 2180; x_wconf 84' lang='lat' dir='ltr'><strong>quas</strong></span> <span class='ocrx_word' id='word_1_171' title='bbox 731 2127 801 2168; x_wconf 89' lang='lat' dir='ltr'><strong>sub</strong></span> <span class='ocrx_word' id='word_1_172' title='bbox 846 2126 1132 2181; x_wconf 84' lang='lat' dir='ltr'><strong>microscopio</strong></span> <span class='ocrx_word' id='word_1_173' title='bbox 1170 2124 1299 2166; x_wconf 87' lang='lat' dir='ltr'><strong>diuisa</strong></span> <span class='ocrx_word' id='word_1_174' title='bbox 1335 2123 1404 2165; x_wconf 87' lang='lat' dir='ltr'><strong>est.</strong></span> <span class='ocrx_word' id='word_1_175' title='bbox 1472 2120 1705 2173; x_wconf 80' lang='lat' dir='ltr'><strong>Fibrillue,</strong></span> 
     </span>
     <span class='ocr_line' id='line_1_29' title="bbox 315 2191 675 2247; baseline -0.003 -15"><span class='ocrx_word' id='word_1_176' title='bbox 315 2192 467 2247; x_wconf 88' lang='lat' dir='ltr'><strong>quibus</strong></span> <span class='ocrx_word' id='word_1_177' title='bbox 504 2191 675 2234; x_wconf 82' lang='lat' dir='ltr'><strong>constat.</strong></span> 
     </span>
     <span class='ocr_line' id='line_1_30' title="bbox 842 2260 1706 2321; baseline -0.009 -13"><span class='ocrx_word' id='word_1_178' title='bbox 842 2266 892 2321; x_wconf 64' lang='lat' dir='ltr'><strong>&gt;N</strong></span> <span class='ocrx_word' id='word_1_179' title='bbox 911 2279 937 2307; x_wconf 90' lang='lat' dir='ltr'><strong>n</strong></span> <span class='ocrx_word' id='word_1_180' title='bbox 974 2278 998 2315; x_wconf 83' lang='lat'>3</span> <span class='ocrx_word' id='word_1_181' title='bbox 1666 2260 1706 2301; x_wconf 82' lang='lat' dir='ltr'><strong>d.</strong></span> 
     </span>
    </p>
   </div>
  </div>
 </body>
</html>
