2080 2682
669 95 826 126 ‘···——-··=
857 82 1012 141 (329)
1045 86 1196 125 ··——·····—·‘·

142 200 358 258 plorarem
390 199 527 253 viam,
566 211 646 256 qua
678 198 846 242 acidum
883 201 989 242 aceti
1026 201 1185 256 absque
1224 198 1394 256 frigoris
1430 202 1732 261 adminiculo}

144 279 397 320 quacunque
448 269 545 324 anui
594 263 868 319 tempestate,
919 265 970 307 ad
1025 266 1206 308 formam
1256 267 1394 321 redigi
1446 270 1723 322 crystallinam

141 332 291 386 pofl‘et.

334 427 502 478 Media,
537 425 690 481 quibus
727 435 848 469 aceto
884 440 958 481 per
992 427 1081 469 eius
1120 441 1217 469 cum
1253 430 1507 484 corporibus
1535 429 1721 474 alcalinis

142 494 374 548 terreisque
403 503 444 532 et
471 492 692 532 metallicis
725 492 985 533 connubium
1022 505 1159 546 partes
1198 507 1355 546 aqueae
1391 496 1520 537 adimi
1552 496 1725 551 prorsus

145 563 336 613 posunt,
373 557 461 596 satis
502 557 708 610 superque
747 567 844 598 nota
884 556 1001 608 sunt,
1038 570 1114 597 nec
1148 558 1279 598 latent
1307 573 1379 611 ea,
1427 560 1579 614 quibus
1619 560 1725 601 aceti

139 623 304 663 acidum
349 634 367 661 a
400 621 651 673 corporibus
682 621 798 661 dietis
835 621 907 661 fibi
952 622 1076 661 vnitis
1124 621 1291 662 liberari
1331 635 1470 676 queat.
1531 624 1722 666 Primum

139 686 251 726 inter
293 686 394 726 haec
436 685 580 725 locum
623 685 774 738 procul
821 685 955 726 dubio
993 686 1138 726 oleum
1187 687 1349 727 vitrioli
1387 688 1459 728 fibi
1499 689 1722 743 hucusque

134 750 380 791 vindicauir.
419 748 543 788 Enim
573 763 675 790 vero
697 750 862 790 acidum
893 749 975 789 hoc
1008 750 1277 803 quantumuis
1306 762 1628 793 concentratum
1657 754 1721 807 fit,

135 822 274 854 tamen
314 826 444 867 aquae
482 813 676 854 nonnihil
713 814 857 866 fouet,
896 827 974 866 qua
1011 814 1117 854 aceti
1155 815 1321 855 acidum
1361 816 1433 856 sub
1477 817 1725 859 destillatio·

133 891 186 918 ne
214 881 376 931 (emper
404 877 540 917 rursus
571 879 767 930 diluitur,
797 889 839 918 et
869 879 973 919 aceti
1004 878 1176 933 quidem
1206 879 1550 933 crystallisabilis,
1583 882 1720 922 neuti-

133 955 258 996 quam
296 955 399 982 vero
428 941 612 994 glacialis
650 942 831 983 formam
868 943 1018 982 induit.
1087 943 1150 983 Vt
1185 943 1327 997 itaque
1365 955 1531 984 acetum
1567 960 1588 986 a
1624 958 1720 986 cor-

127 1019 234 1059 pore
256 1006 325 1045 fibi
363 1007 504 1045 iunc'to
527 1006 597 1046 sub
635 1007 801 1057 glaciali
838 1008 974 1046 forma
1010 1007 1277 1059 segregetur,·
1316 1006 1559 1048 substantiae
1595 1022 1719 1061 pror-

127 1070 192 1110 sus
238 1071 364 1109 ficcae
411 1070 699 1119 adminiculo,
739 1069 870 1122 qualis
916 1069 971 1109 est
1014 1069 1098 1121 ipse
1136 1070 1190 1109 sal
1225 1070 1357 1121 aceti,
1397 1079 1440 1110 vt
1475 1071 1717 1125 perficiatur

124 1133 354 1186 separatio,
392 1132 550 1172 necesse
588 1132 656 1172 est.
727 1132 847 1187 Quae
878 1133 979 1172 dum
1017 1133 1159 1172 animo
1196 1146 1367 1173 mecum
1404 1139 1715 1188 perpenderem

125 1206 326 1248 totusque
365 1197 486 1235 essem
524 1197 564 1234 in
602 1209 680 1244 eo,
733 1205 779 1234 vt
813 1205 958 1246 aptum
996 1196 1265 1247 separationis
1302 1197 1492 1237 medium
1540 1199 1716 1253 detege-

124 1272 239 1299 rem:
294 1259 381 1297 dies
425 1268 476 1301 28
517 1258 729 1297 Februarii
775 1259 870 1298 anni
921 1268 1037 1309 1789
1075 1258 1260 1299 diuturni
1308 1260 1463 1301 laboris
1510 1264 1713 1315 optatiffi-

121 1336 239 1362 mum
286 1322 453 1362 tandein
501 1321 628 1361 finem
674 1322 825 1362 attulit.
909 1322 1142 1364 Nonnullis
1190 1324 1387 1364 nimirum
1436 1326 1588 1367 abhinc
1625 1329 1710 1370 iam

120 1387 237 1428 annis
275 1386 316 1424 in
355 1386 518 1426 residuo
557 1388 741 1438 quodam
781 1400 800 1427 a
837 1386 1003 1439 liquore
1039 1388 1226 1428 anodino
1250 1388 1499 1430 Hoffmanni
1538 1393 1709 1444 crystal-

117 1451 185 1492 los
224 1450 365 1491 salinas
405 1450 616 1499 {inguiaris
655 1451 816 1491 formae
855 1451 1031 1492 fortuitu
1069 1452 1326 1494 inueneram.
1412 1453 1552 1497 Salem
1592 1458 1704 1499 hunc

120 1524 320 1556 tartarum
359 1515 474 1553 fuisse
513 1514 771 1555 vitriolatum
796 1515 1010 1555 vitriolico
1043 1516 1164 1557 acido
1201 1517 1565 1571 supersuturatum,
1603 1535 1703 1563 exa-

116 1592 215 1620 men
252 1580 492 1619 chemicum
530 1591 595 1618 me
634 1580 838 1619 docuerat
874 1580 1067 1632 (chemiswc
1103 1584 1267 1624 Qinnalen
1302 1582 1374 1625 &a
1398 1596 1468 1622 10.
1489 1584 1546 1629 ὃ,
1570 1586 1697 1639 300).

310 1674 371 1715 Ea
414 1675 519 1715 acidi
568 1675 769 1715 vitrioliei
823 1689 940 1728 pars,
997 1688 1075 1728 qua
1120 1677 1238 1717 alcali
1284 1678 1417 1719 fixum
1461 1682 1697 1733 vegetabile

117 1738 463 1792 supersaturatum
495 1739 573 1788 est,
611 1739 680 1779 sali
717 1740 814 1779 huic
853 1753 936 1779 non
974 1740 1076 1781 sicca
1113 1751 1272 1782 tantum
1313 1743 1449 1785 forma
1484 1745 1551 1785 sed
1590 1748 1696 1787 adeo

117 1805 244 1844 etiam
290 1804 439 1843 leuiter
483 1804 704 1850 adhaeret„
756 1813 800 1842 vt
838 1805 899 1844 via
936 1813 1018 1844 tam
1065 1805 1169 1845 ficca
1214 1819 1288 1858 per
1323 1808 1693 1861 candescentiam‚

119 1880 244 1923 quam
289 1867 486 1916 humida,
537 1866 711 1906 aliarum
755 1867 1066 1922 substantiarum
1112 1869 1422 1910 absorbentium
1460 1873 1694 1914 adminicu-

113 1935 185 1983 lo,
237 1931 424 1983 separatu
461 1944 481 1970 a
527 1940 679 1970 tartaro
723 1931 939 1972 vitriolato
985 1933 1182 1973 facillima
1226 1933 1284 1972 fit.
1369 1934 1446 1974 His
1493 1937 1692 1979 omnibus

116 1997 230 2050 spem
267 1995 470 2047 concepi,
507 1993 622 2043 fore,
657 2005 702 2034 vt
737 1997 900 2036 acidum
930 1997 1188 2038 vitriolicum
1225 1996 1578 2051 superuacaneum
1617 2002 1692 2042 fic-

114 2075 162 2102 ca
191 2061 325 2100 forma
353 2059 392 2098 in
420 2059 504 2098 hoc
541 2058 618 2098 iaie
656 2058 784 2099 latens
823 2061 1009 2101 medium
1048 2061 1315 2115 separationis
1354 2064 1458 2102 aceti
1497 2065 1567 2105 sub
1603 2067 1691 2119 gla-

115 2125 208 2166 ciali
255 2123 389 2163 forma
432 2122 681 2175 apti‘iimum
724 2124 942 2176 praebeat5
997 2139 1077 2179 qua
1119 2125 1187 2180 spe
1230 2127 1429 2168 adductus
1477 2128 1690 2183 sequentia

115 2188 343 2229 tentamina
378 2186 545 2226 institui.

176 2251 295 2295 Noua
315 2251 418 2292 Αόῖα
436 2250 566 2292 Acad.
587 2250 690 2307 Imp.
710 2250 778 2294 Sc.
800 2250 904 2293 Tom-
927 2251 1048 2312 V1112
1279 2253 1326 2296 T
1362 2262 1379 2295 t
1588 2257 1690 2302 EX.
