2080 2682
896 152 1049 167 --·
1084 134 1238 190 (284)
1273 150 1426 174 Ξ

363 269 398 298 e.
467 254 639 298 Tunica
674 251 875 308 adiposa.‚
913 265 1041 309 quam
1062 253 1156 296 vasa
1191 251 1444 306 sanguinea,
1487 248 1691 307 parallela
1727 252 1839 308 cuti,
1873 267 1969 310 per.

557 326 747 361 currunt.

353 395 391 454 f.
420 393 455 453 f.
490 392 521 450 f.
591 393 807 449 Musculi‚
865 393 1094 450 cellulosa⁹
1146 393 1188 435 in
1229 405 1356 447 quam
1391 392 1549 436 lamina
1585 390 1671 447 (h)
1715 393 1971 450 continuat,

557 459 747 501 obduCti.

360 566 402 608 g.
472 551 640 592 Eorum
677 551 818 593 sefrio.

359 642 400 684 h.
484 644 589 687 Lata
634 643 790 685 lamina
836 642 1066 695 celluloffi,
1121 639 1309 683 abduetis
1365 648 1489 694 cute,
1543 640 1692 694 adipe,
1745 650 1788 682 et
1832 642 1976 686 tunica

558 708 730 763 adiposa
767 721 787 750 a
825 708 1052 761 musculis,
1111 720 1220 761 quos
1267 705 1495 761 tegebant,
1550 705 1792 762 quibusque
1840 707 1979 750 cellu-

554 774 643 816 losa
697 773 916 816 substantia
971 772 1290 824 adhaerebant,
1344 770 1545 820 suborta;
1600 771 1701 813 dum
1754 771 1977 816 substantia

555 840 661 882 haec
707 839 917 893 glutinosa
963 839 1124 880 scilicet
1167 837 1420 878 retra‘Ctione
1464 838 1864 891 integumentorum
1901 852 1977 880 ex-

557 904 825 946 tendebatur.
914 904 962 946 In
1009 905 1087 946 hae
1134 903 1423 957 microscopio
1468 902 1656 956 aequalis
1693 912 1736 943 et
1772 904 1977 946 continua

555 969 801 1023 superficies
840 971 1046 1024 apparuit.
1133 969 1330 1023 Simplex
1366 982 1472 1022 ergo
1509 968 1666 1010 lamina
1700 967 1783 1021 est,
1827 978 1976 1010 exten-

550 1035 667 1075 fione
706 1044 823 1088 orta,
879 1045 949 1075 aut
985 1034 1207 1076 substantia
1244 1034 1482 1088 glutinosa,
1523 1035 1568 1076 in
1604 1033 1732 1076 latam
1769 1033 1973 1076 laminam

556 1097 741 1141 extensa.

360 1187 388 1228 i.
425 1187 453 1228 i.
490 1185 527 1227 k.
562 1185 592 1226 l.
630 1198 681 1225 m.
768 1185 925 1237 Margo
963 1185 1169 1236 laminae,
1224 1197 1312 1237 quo
1359 1184 1559 1225 musculis
1604 1185 1851 1227 adhucdum
1898 1188 1971 1229 ad-

553 1250 716 1291 haeret.
791 1248 862 1289 Ex
892 1261 946 1289 eo
984 1248 1188 1289 cellulosa
1225 1248 1444 1288 substantia
1480 1249 1662 1289 laminae
1699 1251 1821 1303 super
1857 1264 1972 1292 mus-

555 1316 679 1357 culos
733 1311 793 1368 (f.
831 1326 870 1354 n.
906 1311 969 1370 f.)
1027 1314 1275 1366 continuat,
1328 1326 1490 1366 eosque
1537 1312 1656 1366 tegit.
1746 1313 1791 1354 Si
1836 1316 1974 1369 magis

555 1394 662 1436 ergo
707 1390 851 1423 cutem
897 1392 994 1421 cum
1040 1379 1163 1435 adipe
1201 1393 1222 1421 a
1258 1378 1459 1420 musculis
1503 1376 1811 1431 remouebam,
1865 1393 1977 1422 mar-

555 1460 614 1502 go
635 1448 776 1489 versus
807 1445 939 1487 finem
977 1444 1269 1486 musculorum
1309 1443 1615 1495 adscendebat,
1651 1453 1696 1483 vt
1732 1458 1826 1498 pars
1865 1458 1977 1487 mar-

557 1512 668 1567 ginis
707 1513 778 1566 (i)
815 1525 856 1553 v.
895 1525 957 1566 gr.
997 1510 1223 1565 regionem
1260 1511 1344 1564 (η)
1395 1512 1436 1551 in
1485 1508 1684 1551 musculis
1722 1521 1971 1565 occuparet.

554 1578 647 1620 Aer
693 1589 893 1620 externus
948 1577 1157 1618 continuo
1213 1575 1416 1630 subrepsit
1469 1576 1759 1627 laminamque
1811 1576 1973 1619 vcficae

555 1643 679 1684 instar
715 1643 915 1684 eleuauit.
985 1641 1075 1683 Vbi.
1113 1642 1406 1694 integumenta
1441 1640 1606 1692 remisi,
1659 1653 1808 1696 margo
1851 1643 1974 1684 lami·

556 1720 634 1749 nae
679 1707 717 1748 se
765 1707 964 1761 retraxit,
1018 1706 1228 1762 glutinosa
1271 1705 1493 1748 substantia
1536 1705 1717 1747 laminae
1770 1707 1971 1750 musculis

560 1772 758 1814 adhaesit.

1077 1884 1168 1939 Fig.
1211 1899 1252 1926 2.

553 1980 787 2026 Substantia
823 1984 990 2026 tunicae
1027 1982 1221 2038 adiposae
1255 1983 1361 2040 (fig.
1381 1982 1415 2025 1.
1444 1983 1501 2039 e.)
1538 1983 1828 2040 microscopio
1866 1995 1968 2025 con·

360 2046 548 2090 fiderata.

359 2147 400 2174 a.
437 2149 477 2176 α.
561 2136 788 2179 Veficulae
834 2135 998 2190 adipis,
1051 2136 1204 2178 ssmiles
1252 2138 1420 2191 prorsus
1468 2137 1586 2190 illis,
1644 2152 1748 2191 quae
1794 2135 1960 2189 adipem

552 2216 704 2256 puram
742 2199 957 2251 efficiunt„
1014 2217 1101 2244 non
1140 2204 1359 2253 tamenin
1396 2203 1570 2258 glebas,
1624 2204 1693 2245 scd
1730 2204 1772 2244 in
1815 2202 1961 2251 longas

554 2269 700 2321 potius
739 2267 849 2309 strias
889 2267 1106 2311 collectae.

1773 2334 1812 2375 b.
1848 2331 1884 2375 b.
1922 2332 1962 2373 b.
