2080 2682
1033 116 1389 171 (ἐμώ)π

320 242 448 289 atque
494 241 695 274 externae
740 232 782 271 in
831 242 1014 286 quatuor
1060 234 1259 284 ordines7
1313 232 1442 287 idque
1494 228 1619 272 fimili
1665 238 1708 272 et
1752 231 1929 288 analoga

317 300 511 350 ratione,
570 297 887 342 distribuuntur,
973 298 1264 340 Memorabile
1301 299 1381 338 esse
1418 297 1613 348 videtur,
1669 297 1850 336 omnino
1886 308 1929 340 et

316 364 485 418 penitus
526 361 738 403 diuersum
775 361 817 402 in
855 376 903 404 ea
937 376 982 404 re
1021 364 1137 404 fuiss'e
1175 362 1465 404 ventriculum
1504 363 1717 403 dextrum.
1787 361 1927 405 Huius

316 428 485 468 stratum
523 438 751 468 externum
789 427 831 468 in
868 428 1010 469 varios
1050 427 1331 479 numerosos,
1383 426 1544 482 figura,
1577 427 1679 482 fito,
1716 430 1930 483 magnitu-

317 493 445 545 dine,
484 493 704 545 diuersos,
758 492 974 534 musculos
1013 491 1194 535 diuisum
1232 502 1334 535 erat.
1421 491 1752 538 Numerosiores
1799 494 1928 536 etiam

317 558 477 611 longe,
531 559 753 613 magisque
791 558 924 612 figura
962 569 1004 599 et
1040 559 1114 600 situ
1154 559 1365 611 diuersas,
1417 568 1460 600 et
1496 561 1727 602 maximam
1764 570 1930 615 partem

317 623 599 675 minutiores7
637 625 862 679 portiones
900 623 1158 666 musculares
1196 625 1237 664 in
1277 625 1401 667 strato
1439 624 1624 666 secundo
1661 626 1929 677 inuenimus,

321 687 473 743 quibus
512 688 597 730 hoc
636 703 759 744 aegre
800 690 911 743 quasi
960 691 1193 731 conflatum
1231 690 1345 731 effet.
1434 689 1745 744 Simplicifiima
1782 699 1931 732 contra

319 753 468 795 diuifio
516 754 596 795 fuit
639 755 843 796 fibrarum
889 766 1165 797 externarum
1207 754 1436 796 ventriculi
1480 755 1623 798 sinistri
1668 757 1708 798 in
1749 769 1932 813 quatuor

314 819 414 860 illos
454 820 654 872 ordines,
708 834 818 874 quos
855 833 910 861 ex
948 820 1031 874 ipsa
1067 821 1296 861 ventriculi
1332 820 1466 875 figura
1504 831 1546 862 et
1582 821 1741 863 fabrica
1782 831 1932 863 enatos

317 886 397 925 effe
445 883 568 925 facile
615 885 896 926 intellexeris.
984 886 1132 940 Atque
1179 886 1303 926 simili
1359 885 1530 940 prorsus
1579 889 1714 929 modo
1761 885 1934 927 secundi

321 961 494 1002 quoque
532 949 641 991 strati
677 949 808 992 fibrae
849 951 1156 1004 dispescuntur‚
1243 951 1370 991 Ordo
1408 952 1571 1005 primus
1608 952 1664 993 est
1701 965 1844 993 earum
1883 951 1935 992 fi·

319 1012 517 1064 brutum,
575 1027 680 1066 quae
718 1016 760 1054 in
797 1016 990 1055 inferiori
1028 1015 1250 1069 superficie
1294 1017 1523 1057 ventriculi
1561 1031 1581 1058 a
1619 1017 1696 1058 filo
1733 1017 1933 1058 oriuntur

321 1077 597 1130 cartilagineo
642 1078 865 1131 posteriori
912 1079 1071 1119 finisti-o
1109 1082 1165 1129 a)
1204 1090 1246 1119 et
1281 1081 1322 1118 in
1362 1081 1477 1119 striae
1516 1093 1679 1132 partem
1724 1081 1937 1134 posterio-

318 1154 437 1193 rem,
490 1140 536 1193 b)
578 1154 682 1194 qnae
728 1142 954 1195 peculiaris
1000 1152 1042 1182 et
1086 1142 1270 1183 distincta
1309 1142 1365 1182 est
1401 1157 1420 1182 a
1459 1145 1633 1184 caeteris
1673 1145 1763 1184 eius
1801 1146 1930 1197 parti-

319 1206 428 1256 bus,
482 1205 737 1245 inseruntur.
826 1202 952 1244 Ordo
989 1205 1199 1245 secundus
1239 1206 1439 1245 funiculis
1479 1208 1665 1258 constat,
1701 1209 1933 1261 infignibus

321 1270 508 1311 maxime
553 1270 596 1310 in
641 1267 836 1310 inferiori
883 1269 1109 1310 ventriculi
1156 1267 1403 1321 superficie,
1456 1270 1561 1309 ortis
1598 1283 1617 1311 a
1657 1271 1731 1310 filo
1770 1272 1938 1312 cartila-

321 1336 451 1390 gineo
498 1335 699 1376 anteriori
744 1333 930 1386 sinistro,
982 1336 1031 1388 c)
1069 1347 1089 1375 a
1128 1333 1207 1375 basi
1253 1343 1396 1375 aortae
1440 1334 1494 1386 d)
1533 1344 1575 1374 et
1610 1335 1661 1376 ab
1706 1349 1753 1376 ea
1797 1336 1892 1377 sede
1920 1366 1935 1391 ‚

327 1413 452 1454 quam
500 1401 702 1441 columna
749 1399 1017 1454 triangularis
1064 1399 1105 1440 in
1150 1400 1274 1440 strato
1311 1408 1494 1441 externo
1532 1411 1741 1454 occupat,
1795 1403 1835 1452 e)
1870 1401 1937 1442 in-

323 1466 441 1506 sertis
481 1465 521 1505 in
559 1476 723 1519 partem
762 1467 848 1506 fere
888 1466 1072 1506 mediam
1111 1464 1253 1517 striae,
1287 1463 1342 1519 f)
1381 1479 1488 1517 quae
1526 1466 1681 1520 pariter
1718 1475 1762 1506 et
1796 1480 1819 1508 a
1855 1479 1936 1520 po-

324 1531 489 1571 steriori
535 1531 651 1572 striae
697 1541 814 1585 parte
852 1541 892 1572 et
927 1530 977 1572 ab
1015 1530 1217 1572 anteriori
1261 1530 1332 1572 sua
1376 1530 1575 1573 strud'lura
1623 1529 1658 1571 so
1702 1530 1934 1585 distinguit.

328 1595 508 1636 Tertius
546 1597 657 1637 ordo
694 1597 749 1636 est
786 1595 1013 1647 fibrarum,
1070 1609 1203 1649 quae„
1248 1606 1365 1637 ortae
1404 1609 1423 1636 a
1460 1609 1584 1637 crena
1621 1596 1671 1636 ad
1708 1597 1934 1650 regionem

326 1661 530 1701 radiatam
566 1674 731 1714 vsque,
781 1662 830 1714 g)
867 1661 994 1702 latam
1034 1660 1202 1702 fasciam
1240 1659 1495 1715 efficiendo,
1548 1659 1594 1715 h)
1632 1661 1742 1703 circa
1779 1662 1935 1716 margi·

1833 1740 1935 1770 nem

375 1887 411 1929 a)
442 1886 527 1922 Tab.
559 1886 622 1920 IX.
650 1884 669 1920 l.
699 1900 743 1922 m.
773 1901 807 1926 n.

376 1950 413 1995 h)
440 1950 525 1985 Tab.
553 1949 608 1984 IX.
638 1949 660 1984 l.
688 1964 717 1985 c.
745 1964 779 1987 ο.

379 2016 419 2058 c)
449 2015 534 2049 Tab.
563 2016 635 2049 VII.
667 2016 707 2050 G.
737 2017 782 2050 H.

380 2079 421 2121 d)
453 2078 539 2112 Tab.
567 2078 643 2114 Vll.
673 2079 713 2112 G.
744 2081 780 2113 B.

378 2142 416 2182 e)
443 2135 638 2175 Tabe-vll.
667 2140 702 2174 B.
732 2140 768 2173 E.

374 2200 417 2246 f)
447 2200 534 2233 Tab.
563 2201 616 2235 1⁸4.
648 2212 678 2248 p,
707 2213 736 2235 x.
766 2214 786 2235 s.
814 2213 843 2249 q.
874 2214 900 2236 2.
929 2214 958 2246 3.

375 2264 419 2309 g)
449 2264 536 2297 Tab.
566 2263 639 2297 Vll.
668 2265 704 2298 E.
734 2266 785 2305 36.
814 2277 852 2309 37
891 2271 941 2309 38.

381 2320 420 2363 lt)
449 2321 537 2356 Tab.
568 2321 648 2357 Vll.
676 2331 726 2362 28.
754 2335 803 2367 390
