2080 2682
680 74 1217 132 -——(³.31»=2==‘

666 123 673 131 r

351 204 405 235 ne
448 189 718 247 refrigeratus
761 190 908 246 liquor
950 188 1159 244 perfectae
1203 187 1295 230 salis
1331 186 1532 231 solutioni
1567 188 1749 244 impedi-

350 268 544 298 mentum
588 255 744 297 afferat.
828 255 978 296 Mixtis
1024 254 1225 295 omnibus
1262 262 1306 294 et
1340 254 1588 308 frigescente
1634 255 1748 296 solu-

352 322 499 373 tione,
552 329 726 361 tartarus
777 320 1018 362 vitriolatus
1072 318 1398 371 supersuturatus
1450 320 1492 359 in
1544 318 1745 374 pulchras

347 397 605 440 magnasque
642 383 857 435 crystallos
894 385 983 426 coit
1018 383 1366 435 rhomboidales‚
1424 396 1561 437 quae,
1603 381 1747 424 omni-

347 450 423 490 bus
469 448 604 501 probe
647 449 932 502 refrigeratis,
984 457 1027 488 et
1062 447 1285 489 decantato
1323 447 1537 502 superstite
1573 443 1744 501 liquore

342 513 384 554 in
428 512 608 553 fimilem
652 513 770 553 vsum
813 513 1082 562 afferuando,
1136 511 1198 552 bis
1235 511 1303 552 vel
1339 521 1403 553 ter
1447 525 1552 566 aqua
1591 511 1744 566 frigida

341 590 469 632 quam
516 577 703 617 citiffime
756 577 1001 628 abluantur,
1051 574 1224 628 leuique
1279 576 1423 616 calore
1473 576 1644 617 ficcatae
1696 576 1742 616 in

338 642 564 696 puluerem
608 641 914 682 subtiliffimum
960 648 1257 690 conterantur,
1310 640 1453 681 denuo
1494 640 1631 694 probe
1665 639 1743 698 fie-

339 706 548 759 candum,
586 706 926 761 quotiescunque
962 705 1005 746 in
1043 702 1163 744 Vsum
1200 703 1327 745 fuerit
1360 705 1645 747 reuocandus.

337 832 375 885 ς.
417 837 487 875 16.
553 835 698 877 Parata
732 835 817 876 hoc
854 836 988 877 modo
1023 832 1114 874 satis
1151 833 1265 887 larga
1300 832 1424 874 huius
1460 832 1552 875 salis
1589 830 1739 888 copia}

143 896 229 951 ipsa
275 899 529 954 tentamina,
581 910 750 943 acetum
793 898 971 954 glaciale
1016 899 1106 940 eius
1144 911 1227 954 ope
1272 898 1474 953 parandi,
1525 898 1735 953 adgreffus

143 961 250 1004 sum.

744 1066 954 1109 EXPER.
989 1066 1117 1110 VIII.

357 1141 562 1184 Debitam
613 1140 927 1183 miscendorum
979 1141 1335 1194 proportionem,
1388 1141 1508 1183 cuius
1559 1141 1730 1196 praeuia

140 1206 389 1258 cognitione
433 1207 538 1248 mihi
581 1206 839 1259 potissimum
884 1217 993 1258 opus
1038 1214 1160 1259 erat,
1212 1203 1404 1260 sequenti
1446 1206 1610 1248 ratione
1654 1220 1732 1250 ex·

141 1269 323 1323 ploravi.

335 1395 472 1437 Sodae
517 1395 704 1437 acetosae
749 1408 874 1450 grana
911 1399 940 1435 6
974 1395 1015 1437 in
1053 1395 1268 1438 cochleari
1314 1406 1517 1451 argenteo
1553 1397 1727 1441 candela.

139 1458 341 1501 calefacio
372 1473 496 1514 parua
519 1473 649 1514 aquae
675 1462 902 1515 quantitate
933 1461 1120 1510 diffolui;
1159 1461 1359 1502 solutioni
1396 1473 1556 1503 tantum
1595 1476 1728 1516 quan-

138 1532 229 1564 tum
266 1538 339 1578 per
375 1525 724 1577 euaporationem
761 1526 917 1566 abierat
951 1539 1108 1580 aquae,
1162 1526 1334 1566 subinde
1372 1526 1561 1577 reddidi„
1599 1529 1724 1580 eique

135 1588 291 1629 iterum
336 1589 577 1642 iterumque
623 1602 798 1642 granum
841 1602 971 1630 vnum
1018 1589 1159 1630 tartari
1196 1591 1396 1632 vitriolati
1434 1590 1725 1644 supersarurati

135 1653 364 1704 admiscui,
400 1654 535 1693 donec
576 1656 689 1706 quod
726 1654 878 1694 vltimo
913 1653 1219 1695 admiscuiffem
1255 1667 1432 1707 granum
1469 1656 1574 1695 aceti
1613 1656 1724 1696 odo-

135 1729 227 1756 rem
264 1718 523 1771 produxisset
559 1718 747 1763 nullium
787 1731 871 1772 quo
908 1718 1138 1759 tentamine
1176 1718 1329 1771 didici,
1367 1730 1446 1761 tres
1485 1729 1621 1773 partes
1660 1719 1725 1759 so-

137 1779 213 1820 dae
258 1783 444 1821 acetolne
491 1794 567 1833 pro
613 1791 733 1820 aceto
778 1783 902 1835 plene
949 1783 1207 1837 expellendo
1245 1793 1426 1837 quatuor
1468 1784 1558 1824 salis
1595 1782 1722 1824 nostri

136 1844 260 1885 acido
297 1845 511 1885 vitriolico
547 1845 794 1886 abundantis
829 1857 968 1902 partes
1004 1845 1228 1901 postulare.

329 1970 363 2024 ᾗ.
405 1984 474 2024 17.
542 1971 764 2024 Postquam
802 1974 879 2016 hac
914 1975 1081 2018 ratione
1118 1974 1445 2028 proportionem
1483 1972 1722 2014 miscendo·

136 2047 233 2078 rum
268 2035 334 2075 via
377 2036 550 2077 humida
595 2037 917 2091 inuestigaffem3
971 2039 1148 2081 eandem
1187 2039 1297 2087 sicca
1333 2051 1506 2094 quoque
1543 2038 1608 2080 via
1641 2050 1719 2093 per

137 2099 351 2156 sequentia
387 2102 616 2143 tentamina
650 2103 873 2158 explorare
910 2117 996 2144 non
1031 2103 1306 2157 praetermisi.

963 2230 1046 2274 Tt
1083 2243 1108 2271 2
1615 2225 1717 2272 EX·
