2080 2682
672 138 1195 192 ····-<183)-····

146 265 270 308 quam
315 253 430 295 enim
481 251 726 295 huiusmodi
772 252 1083 305 disquisitiones
1128 264 1274 307 parum
1317 251 1500 294 arridere
1536 253 1736 297 videntur

141 319 359 372 plerisque
396 318 717 361 Geometrarum
756 317 880 357 nostri
916 320 1034 370 aevi,
1089 331 1173 358 non
1213 318 1392 357 deerunt
1436 328 1603 369 tamen,
1642 320 1736 372 qui-

143 381 219 422 bus
257 383 394 423 breuis
433 380 621 422 excurfio
656 383 698 422 in
737 381 978 423 dereliecam
1017 382 1126 435 quafi
1159 382 1430 423 Geometriae
1466 383 1735 436 prouinciam

139 458 193 486 eo
231 448 367 487 minus
411 445 671 499 displicebit,
722 445 749 485 fi
786 447 967 498 egregiis
1020 446 1349 500 proprietatibus
1391 446 1516 487 huius
1554 460 1735 500 curuae,

137 509 220 551 iam
266 511 368 552 olim
414 522 434 550 a
477 509 722 552 Geometris
770 510 970 563 deteftis,
1022 511 1179 566 aliquid
1233 511 1388 551 addere
1441 511 1735 566 nonnullaque

137 576 362 617 emendare
398 574 520 614 nobis
559 574 802 627 contigerit.

328 685 363 740 §.
404 700 442 726 2.
512 686 632 727 Prius
678 695 820 728 autem
868 699 992 740 quam
1028 685 1292 740 propositum
1329 697 1626 740 argumentum
1662 701 1735 743 ag·

133 749 340 804 gredior‚
378 751 488 792 haud
525 751 594 791 abs
633 765 677 791 re
715 752 793 791 erit
828 751 1023 804 generale
1062 749 1301 791 Curuarum
1339 752 1636 802 caul‘ticarum7
1674 766 1732 794 ex

131 814 366 856 reflexione
404 816 618 856 radiorum
657 815 956 868 parallelorum
995 824 1201 866 natarum,
1239 814 1465 856 problema
1501 816 1729 858 resoluisse.

132 878 355 920 Formulas
402 892 534 932 porro
577 881 674 919 inde
720 890 832 920 natas
878 882 927 921 ad
974 879 1222 920 Parabolam
1258 881 1477 933 vulgarem
1515 882 1730 933 referam,

132 943 336 996 ponendo
373 944 530 984 scilicet
565 944 704 984 radios
742 945 976 992 incidentes
1024 944 1089 984 axi
1128 943 1355 983 normales.
1441 943 1727 997 Proprietates

133 1006 288 1047 deinde
324 1009 569 1060 praecipuas
607 1008 732 1047 huius
757 1020 910 1047 curuae
939 1020 991 1047 ex
1029 1007 1232 1046 relatione
1270 1007 1617 1049 coordinatarum
1655 1010 1729 1049 de-

129 1069 292 1110 riuabo.
349 1070 589 1123 Quomodo
623 1082 754 1122 porro
785 1083 869 1120 eas,
906 1071 957 1111 de
995 1069 1147 1124 quibus
1185 1070 1254 1110 hic
1290 1072 1548 1124 potiffimum
1587 1073 1726 1115 sermo

128 1132 209 1183 est,
259 1145 335 1185 per
371 1133 623 1173 methodum
662 1135 925 1186 tangentium
971 1135 1175 1174 inuersam
1222 1147 1369 1176 eruere
1406 1138 1552 1188 liceat,
1591 1138 1726 1179 osten-

127 1195 249 1248 dam,
289 1209 375 1248 quo
413 1197 531 1237 simul
569 1207 733 1251 pateat,
770 1208 909 1238 vtrum
948 1199 1025 1239 hae
1062 1200 1342 1251 proprietates
1380 1201 1506 1240 etiam
1544 1201 1633 1241 aliis
1672 1202 1724 1241 li-

128 1272 217 1301 neis
255 1263 394 1301 curuis
432 1271 702 1315 competant,
739 1275 787 1301 an
826 1274 929 1302 veto
966 1261 1039 1301 loli
1063 1260 1277 1302 causticae
1314 1261 1558 1304 Parabolae.
1631 1265 1723 1305 De·
1768 1269 1770 1271 ’

127 1324 256 1376 nique
308 1325 431 1377 ipfius
486 1325 795 1377 Problematis.‚
841 1326 959 1380 quod
1011 1325 1130 1367 hisce
1180 1326 1540 1380 disquisitionibus
1580 1328 1716 1370 ansam

126 1387 346 1443 praebuit,
381 1389 638 1430 solutionem
675 1390 851 1431 tradam.

611 1499 905 1558 Problema
960 1501 1237 1581 generale.

316 1585 350 1639 ᾗ.
388 1598 430 1634 3.
498 1584 549 1627 Sl
583 1600 633 1629 ex
663 1589 804 1641 pundo
839 1589 966 1630 lucido
1001 1591 1145 1639 infinite
1180 1598 1326 1629 remoso
1363 1591 1471 1631 radii
1515 1591 1590 1632 axi
1624 1593 1660 1632 A
1680 1590 1713 1631 Β
1740 1591 1824 1626 Tab.
1851 1592 1912 1629 lv.

121 1648 316 1690 normales
349 1650 523 1690 incidant
557 1653 595 1692 in
628 1652 771 1693 lineam
807 1665 968 1693 curnam
1003 1666 1264 1706 qummzmque
1298 1654 1333 1693 A
1358 1653 1402 1693 M
1420 1654 1465 1695 Ν
1475 1684 1488 1709 ,
1533 1657 1715 1698 determi-
1743 1643 1810 1690 Fig.
1842 1654 1870 1678 ¹·

122 1724 218 1753 nare
252 1713 395 1756 lineam
431 1717 734 1770 cama-austicam
770 1732 795 1758 α
832 1718 958 1758 radiis
993 1718 1156 1771 reflexis
1180 1716 1422 1772 formatam.

796 1829 1030 1888 SolutiO.

314 1911 378 1954 Sit
420 1926 537 1954 arcus
582 1927 733 1958 curuae
776 1918 1016 1972 propositae
1052 1917 1092 1958 A
1113 1918 1165 1958 Μ
1183 1931 1243 1957 ;-;
1262 1930 1304 1969 s,
1359 1926 1401 1958 et
1435 1918 1612 1972 angulus
1649 1917 1716 1959 in·

120 1974 328 2015 cidentiae
374 1977 415 2017 A
438 1978 487 2017 M
510 1978 543 2017 R
563 1992 623 2018 Ξ
645 1975 709 2030 Φ,
762 1983 840 2021 erit
891 1995 968 2035 pro
1013 1983 1132 2023 radio
1177 1982 1378 2035 proximo
1423 1995 1501 2022 rm
1545 1983 1711 2023 arculus

119 2039 171 2079 M
193 2052 228 2078 m
251 2053 309 2079 z
330 2037 353 2080 ὂ
370 2054 388 2080 s
433 2051 475 2081 et
520 2044 696 2095 angulus
744 2044 838 2085 Am
859 2059 879 2085 r
898 2060 958 2086 z
977 2044 1017 2096 <D
1037 2055 1098 2092 —4—
1121 2044 1144 2086 ὂ
1163 2044 1228 2097 Φς
1284 2059 1338 2086 ex
1382 2057 1527 2087 natura
1570 2057 1713 2087 autem

119 2103 363 2144 reflexionis
402 2105 586 2157 sequitur
623 2109 713 2146 fore
751 2110 951 2162 angulum
991 2109 1026 2150 Z
1048 2110 1099 2150 M
1120 2111 1159 2151 N
1184 2124 1243 2150 Ξ
1264 2111 1304 2150 A
1324 2110 1373 2149 M
1398 2111 1429 2151 R
1452 2125 1480 2149 z
1500 2106 1554 2161 (D.
1591 2111 1712 2151 Tum

118 2179 223 2207 vero
259 2168 315 2208 ob
353 2169 555 2222 angulum
594 2171 644 2210 M
670 2170 702 2209 Z
723 2184 758 2210 m
781 2187 838 2212 Ξ
862 2174 911 2213 Μ
931 2186 1005 2213 sm
1028 2196 1087 2202 —
1109 2187 1129 2212 r
1148 2188 1183 2214 m
1207 2174 1265 2225 Z,
1321 2187 1396 2214 nec
1443 2188 1527 2215 uon
1565 2174 1614 2214 M
1634 2189 1651 2214 s
1672 2188 1709 2215 m

119 2243 179 2272 Ξ
199 2232 236 2274 R
255 2233 305 2274 M
327 2231 388 2288 Ζ,
425 2235 610 2288 sequitur
647 2234 736 2276 fore
773 2237 824 2278 M
844 2237 879 2279 Z
901 2251 938 2279 m
957 2251 1017 2277 Ξ
1036 2238 1073 2279 R
1094 2239 1143 2279 M
1165 2238 1202 2279 Z
1219 2261 1259 2267 —
1283 2250 1304 2281 r
1322 2252 1357 2279 m
1379 2239 1429 2279 Z.
1499 2239 1568 2279 Est
1604 2253 1707 2280 vero

1547 2304 1583 2345 R
1602 2305 1652 2345 M
1672 2304 1708 2346 Z
