2080 2682
654 171 804 187 --
837 154 992 211 (275)
1025 170 1176 195 —-=

120 270 319 326 solitarii,
361 269 551 314 veficulis
587 269 718 325 adipis
755 270 941 314 minores
978 279 1022 312 et
1055 269 1153 312 albi.
1220 268 1323 312 Non
1360 268 1510 313 dubito
1532 299 1546 324 ,
1601 272 1702 327 quin

117 350 242 380 verae
275 338 480 380 vesiculae
516 336 592 376 {int
626 335 669 376 bi
704 335 895 390 globuli,
955 337 1148 391 quamuis
1191 335 1364 390 propria
1408 336 1702 392 experimenta

116 414 215 444 cum
251 401 302 443 iis
338 402 547 443 instituere
582 399 638 440 ob
675 401 926 454 paruitatem
964 413 1114 442 eorum
1152 413 1237 442 non
1274 400 1409 441 licuit.
1485 401 1701 455 Analogia

115 466 271 521 adipis,
290 465 617 518 substantiaeque
646 464 949 517 subcutaneae,
983 463 1068 518 ipsa
1103 464 1221 506 sedes
1258 465 1429 507 tandem
1449 466 1560 508 inter
1592 475 1702 508 trac-

115 538 182 572 tus
219 531 368 586 adipis,
401 541 492 570 rem
529 528 811 571 demonstrare
847 529 934 570 fere
971 529 1183 571 videntur.

302 657 475 700 TunIca
511 658 681 699 tandem
725 656 893 711 adiposa
936 657 976 697 in
1015 656 1302 699 musculorum
1347 658 1592 701 cellulosam
1636 657 1702 714 ip-

109 720 199 764 sam
243 733 290 764 ea
336 724 499 765 ratione
543 723 654 773 abit,
705 731 750 763 vt
792 721 936 762 senfirn
979 721 1202 763 imminuta
1246 724 1369 776 copia
1411 725 1546 778 adipis
1595 737 1702 777 pura

114 787 299 841 denique
334 787 542 840 glutinosa
578 786 794 828 substantia
829 787 1004 839 euadat,
1044 800 1097 828 eo
1136 788 1307 841 quidem
1344 788 1491 841 purior
1527 788 1701 829 clarior-

115 862 223 904 que,
265 865 350 906 quo
387 852 640 905 profundius
676 852 717 891 iu
756 851 957 892 fabricam
993 851 1282 892 musculorum
1318 862 1524 905 penetrat.
1580 853 1700 894 Haec

111 915 326 956 musculos
381 916 566 970 singulos
620 916 755 968 tegit,
808 915 918 956 inter
971 915 1158 970 fingulos
1204 916 1449 958 continuata
1493 930 1514 958 a
1558 917 1700 958 tunica

111 980 278 1032 adiposa
316 981 557 1030 descendit,
612 990 813 1032 totosque
849 990 1048 1032 tauquam
1085 979 1266 1033 propriis
1302 982 1464 1033 vaginis
1501 980 1580 1020 suis
1619 980 1700 1020 ob-

111 1043 228 1083 ducit
271 1054 315 1083 et
357 1045 564 1091 inuoluit,
617 1055 751 1094 eaque
796 1043 957 1082 ratione
1001 1044 1180 1083 alterum
1219 1044 1414 1095 quemuis
1459 1044 1698 1084 musculum

107 1106 159 1147 ab
195 1106 329 1146 altero
375 1107 445 1145 fibi
492 1105 633 1145 vicino
678 1104 904 1158 distinguit.
987 1106 1058 1147 Ab
1096 1106 1158 1147 his
1197 1108 1359 1161 vaginis
1406 1108 1696 1149 musculorum

108 1181 341 1223 earumque
385 1172 574 1219 interna,
631 1183 710 1222 qua
755 1169 991 1209 musculum
1047 1173 1262 1223 spediant,
1319 1171 1536 1223 luperficie
1586 1173 1697 1214 inter

107 1232 293 1286 fingulos
332 1234 540 1283 maiores,
584 1233 610 1272 fi
650 1246 758 1286 quos
797 1233 1008 1273 musculus
1044 1233 1197 1282 habet,
1253 1233 1470 1276 fasciculos
1510 1236 1599 1276 eius
1636 1236 1696 1277 la-

105 1297 220 1338 mina
265 1298 305 1336 in
358 1295 593 1336 musculum
646 1296 779 1350 ipsum
824 1296 1060 1348 descendit,
1113 1298 1444 1351 fasciculumque
1500 1301 1694 1353 quemuis

106 1360 156 1402 ab
201 1361 335 1402 altero
384 1361 535 1414 quouis
582 1360 653 1400 fibi
699 1361 841 1401 vicino
877 1361 1115 1415 distinguit,
1153 1374 1195 1402 et
1230 1363 1474 1403 continuata
1519 1375 1693 1418 totum,

108 1425 323 1478 quaelibet
359 1424 502 1473 suum,
541 1424 783 1465 fasciculum
820 1427 1081 1475 circumdat,
1125 1439 1258 1479 eaque
1295 1428 1457 1468 ratione
1496 1430 1694 1482 vaginam

106 1502 239 1543 porro
276 1489 410 1529 cuiuis
457 1490 655 1529 fasciculo
699 1491 911 1544 propriam
949 1490 1104 1540 efficit,
1154 1490 1274 1531 fimili
1321 1491 1488 1545 prorsus
1528 1494 1694 1545 modo,

108 1563 234 1608 atque
272 1559 323 1594 de
358 1554 578 1593 communi
625 1554 753 1594 totius
801 1554 978 1594 musculi
1014 1554 1162 1608 vagina
1206 1556 1361 1596 dictum
1406 1555 1474 1596 est.
1560 1557 1696 1598 Deni-

110 1629 193 1670 que
229 1630 250 1658 a
286 1616 474 1669 qualibet
512 1617 693 1658 fasciculi
731 1619 879 1671 vagina
918 1619 1069 1659 lamina
1105 1632 1262 1672 porro,
1319 1621 1504 1660 tenerior
1552 1631 1694 1662 tanen

108 1681 184 1731 iis,
225 1681 375 1736 quibus
413 1680 594 1721 fasciculi
634 1682 967 1735 distinguuntur,
1020 1684 1130 1723 inter
1166 1684 1289 1724 fibras
1325 1683 1531 1738 fingulas,
1587 1698 1692 1740 quae

109 1745 356 1787 coniunctae
400 1745 645 1786 fasciculum
691 1746 904 1799 efficiunt,
960 1747 1199 1800 descendit,
1251 1747 1487 1803 fibramque
1523 1764 1544 1791 a
1587 1751 1693 1791 fibra

110 1809 347 1862 distinguit,
383 1820 425 1850 et
461 1810 693 1862 quamlibet
728 1812 972 1852 continuata
1008 1811 1154 1853 fibram
1199 1812 1354 1859 ambit,
1411 1814 1691 1866 vaginamque

110 1873 286 1914 cuilibet
321 1874 562 1928 propriam,
616 1873 911 1916 fasciculorum
948 1876 1111 1929 vaginis
1149 1877 1431 1928 teneriorem,
1477 1879 1689 1929 producit.

109 1938 174 1980 Vt
219 1937 394 1990 quaeuis
447 1936 549 1977 fibra
601 1939 771 1991 propria
815 1940 907 1993 sua,
961 1940 1066 1992 hae,
1125 1953 1230 1994 quae
1276 1941 1516 1981 fasciculum
1571 1941 1692 1982 fimul

106 2001 264 2043 sumtae
300 2001 513 2052 efficiunt,
551 2003 769 2043 communi
806 2016 960 2057 porro,
1011 2014 1053 2045 et
1090 2017 1194 2058 quae
1232 2006 1465 2046 mulculum
1504 2006 1689 2059 denique

109 2066 380 2107 fasciculatim
425 2066 683 2118 compofitae
735 2069 999 2122 producunt,
1055 2069 1247 2110 omnium
1293 2083 1423 2123 porro
1469 2070 1690 2112 communi

108 2134 257 2184 vagina
294 2131 369 2171 fint
404 2130 597 2182 indutae,
651 2145 698 2172 ea
742 2133 904 2173 ratione
951 2134 1149 2185 quidem,
1200 2145 1245 2175 vt
1283 2135 1454 2187 quaeuis
1500 2136 1687 2177 cuiusuis

107 2196 281 2249 vaginae
318 2209 434 2250 pars,
489 2208 569 2249 qua
605 2197 708 2237 duae
746 2198 907 2238 vicinae
944 2197 1097 2250 fibrae,
1132 2208 1203 2239 aut
1239 2212 1317 2250 qua
1357 2200 1537 2241 fasciculi
1575 2202 1688 2253 duo,

110 2271 179 2301 aut
201 2267 286 2303 duo
314 2260 508 2315 mulculi,
544 2260 617 2302 fibi
654 2270 803 2304 mutuo
838 2261 1022 2310 vicini-‚a
1058 2262 1097 2303 se
1131 2263 1317 2306 inuicem
1354 2265 1688 2321 distinguuntur,

905 2325 1018 2369 Mm
1056 2339 1081 2366 2
1548 2330 1687 2392 paries
