2080 2682
630 175 1165 230 -···-(219)·-··

107 293 351 348 sequeretur
385 292 468 348 ipsa
503 292 698 346 aequatio
735 304 756 332 a
793 288 887 332 Cel.
924 292 1114 334 Fontana
1150 304 1414 349 oppugnata:

301 375 913 436 e2131-i-{4—g-1-ss-4-}÷
947 388 1030 421 etc.
1055 381 1178 422 :A

109 468 362 525 Quanquam
397 468 511 509 enim
545 481 692 510 reuera
729 468 785 510 est
820 463 949 509 ῥῖψ’ι
970 483 1032 510 :z
1050 470 1116 523 A,
1153 471 1353 513 existente

290 551 788 629 ηΞξ-ι-ξ-Ι-ξ-ξ-
821 567 902 600 etc.

106 663 245 696 tamen
283 653 411 696 faetor
454 654 597 696 finitus
633 656 697 708 en,
751 664 897 696 contra
940 655 1187 696 sententiam
1227 653 1294 696 Cl.
1331 655 1568 709 Fontanae,
1622 657 1690 697 hie

102 731 189 759 non
233 719 275 759 in
320 720 489 760 censum
532 719 674 772 venit,
729 720 928 774 quoniam
975 729 1150 773 Vtraque
1190 721 1385 772 aequatio
1422 715 1465 760 em
1491 721 1612 761 :A
1648 729 1691 762 et

104 777 316 823 e⁵²²÷l²z
339 784 406 836 A,
441 785 556 824 idem
592 783 817 837 fignificat,
871 784 1028 825 scilicet
1064 784 1254 824 eiusdem
1299 785 1451 837 gradus
1489 787 1567 825 effe
1604 798 1691 826 am-

105 846 163 888 bo
207 846 376 889 Infinita
420 842 463 888 e⁵³¹
498 857 540 888 et
573 848 638 897 A,·
692 849 734 888 id
770 849 930 902 ipsum,
986 849 1100 902 quod
1140 847 1321 889 Eulerus
1358 849 1577 889 ostendere
1612 862 1692 890 vo-

101 910 194 953 lu'it.
279 912 430 966 Longe
476 911 595 953 aliter
637 925 703 953 res
748 913 786 953 se
832 913 983 963 habet⁷
1038 913 1210 967 quando
1268 912 1375 953 ratio
1427 913 1690 966 geometrica

104 975 319 1029 quaeritur
353 977 463 1017 inter
497 976 567 1017 illa
602 976 772 1017 Infinita
808 971 851 1016 ⁶³9¹
886 987 928 1016 et
961 976 1026 1024 A,·
1074 987 1161 1017 tum
1199 978 1340 1028 enim,
1375 986 1421 1015 vt
1449 978 1558 1017 recte
1594 990 1690 1017 mo-

102 1047 174 1079 net
208 1038 480 1093 sagaciffimus
516 1039 727 1088 Fontana‚
765 1039 806 1078 in
845 1049 1089 1092 exponente
1128 1041 1403 1093 quantitatem
1440 1039 1556 1081 illam
1592 1040 1690 1081 fini-

101 1112 185 1142 tam
228 1116 276 1154 η,
333 1103 602 1156 quantumuis
655 1104 878 1154 exiguam,
929 1115 1015 1142 non
1068 1105 1248 1158 amplius
1303 1105 1521 1158 negligere
1574 1105 1688 1146 licet.

99 1164 220 1206 Idem
265 1166 494 1207 tenendum
532 1166 587 1207 est
624 1165 674 1207 de
711 1166 961 1221 aequalitate
1003 1167 1125 1222 supra
1162 1168 1197 1221 ᾗ.
1239 1181 1311 1208 11.
1352 1169 1572 1211 exhibita:

289 1259 1245 1311 }÷‡÷}÷{÷etc.:1—i-{-i-}÷}÷
1280 1263 1361 1295 etc.

98 1337 170 1380 vbi
206 1337 365 1393 signum
390 1348 630 1380 :tantum
668 1339 826 1380 indicat
860 1339 1041 1382 summas
1076 1341 1225 1383 harum
1262 1340 1463 1382 serierum
1491 1342 1543 1384 ad
1579 1354 1686 1384 eun-

100 1404 198 1443 dem
233 1403 428 1444 ordinem
453 1403 611 1444 Infiniti
648 1405 872 1458 pertinere.
912 1404 1097 1460 Quando
1134 1415 1273 1447 autem
1312 1407 1522 1448 rationem
1557 1408 1688 1448 arith-

70 1467 322 1519 .meticam.,
375 1468 457 1508 fiue
502 1468 780 1509 differentiam
828 1471 1094 1522 quaerimus,
1149 1480 1238 1511 tum
1283 1470 1374 1512 illas
1429 1472 1553 1513 series
1596 1485 1685 1512 non

99 1532 279 1584 amplius
315 1532 510 1585 aequales
547 1527 768 1586 ponimus,
818 1535 1166 1589 quandoquidem
1203 1536 1428 1587 nouimus⁷
1485 1536 1685 1577 differen-

100 1596 200 1635 tiam
252 1596 361 1636 inter
405 1598 491 1637 duo
537 1597 702 1637 Infinita
747 1597 939 1638 eiusdem
984 1601 1137 1652 gradus
1180 1599 1343 1641 finitam
1394 1609 1521 1654 atque
1574 1600 1682 1641 adeo

99 1659 305 1700 infinitam
342 1661 494 1715 gradus
539 1661 749 1703 inferioris
787 1662 865 1702 effe
908 1663 1038 1716 poffe.

745 1784 1030 1851 Schohon.

292 1870 326 1924 ᾗ.
368 1885 438 1911 20.
508 1871 723 1927 Quoniam
761 1875 881 1916 series
920 1877 1041 1926 illae,
1079 1876 1207 1930 §.13.
1239 1876 1279 1916 in
1319 1875 1464 1916 limine
1503 1877 1683 1917 demon-

99 1934 303 1975 strationis
341 1950 417 1989 pro
458 1938 755 1989 quantitatibus
789 1933 844 2001 ξ,
897 1934 955 2008 (ἑὲ,
1007 1935 1067 2010 242,
1103 1950 1182 1982 etc.
1220 1941 1390 1992 allatae,
1425 1941 1546 1981 valde
1575 1954 1680 1981 con-

99 2020 304 2063 vergunt,
360 2011 479 2052 filcile
525 2013 603 2052 erit
647 2013 924 2058 differentiam
969 2030 1111 2058 veram
1155 2017 1264 2056 inter
1310 2017 1513 2056 summam
1557 2014 1678 2057 seriei

99 2075 344 2128 reciprocae
381 2089 656 2117 numerorum
701 2079 937 2131 primorum
974 2091 1016 2123 et
1050 2080 1356 2135 logarithmum
1403 2081 1586 2121 summae
1619 2081 1680 2121 se-

100 2140 175 2180 riei
211 2139 482 2182 harmonicae
520 2141 714 2183 naturalis
754 2145 963 2198 assignare.
1030 2145 1258 2200 Reperitur
1293 2146 1429 2186 enim:

915 2337 1065 2381 Ee2
1603 2346 1681 2392 iffi
