2080 2682
911 144 1062 171 ===
1094 124 1255 183 (270)
1288 143 1442 160 --

362 244 443 298 rit,
495 242 592 287 illae
643 240 769 298 super
821 242 1039 285 musculos
1093 243 1234 288 illaesa
1286 243 1522 301 cellulosa,
1573 240 1806 298 illaesoque
1857 256 1972 286 nexu

362 309 618 366 promoueri
655 315 827 363 queant.
896 307 957 350 Et
1008 310 1117 352 rec'ta
1171 311 1349 354 abstrahi
1396 321 1571 367 quoque
1615 321 1638 350 a
1682 307 1882 351 musculis
1919 309 1973 352 ad

362 375 601 428 digitorum
646 373 833 415 duorum
878 375 1219 418 transuersorum
1259 377 1495 419 distantiam
1532 387 1695 429 vsque,
1745 382 1790 415 et
1824 371 1976 428 Vltro,

357 447 501 494 partes
540 438 717 482 eaedem
753 439 948 494 possunt,
985 440 1190 482 celiulosa
1224 454 1425 496 nexuque
1463 441 1620 496 pariter
1655 437 1823 482 illaefis.
1885 437 1976 480 Ve-

357 517 455 545 rum
493 504 596 546 dum
634 505 719 547 hoc
754 504 829 557 fit,
881 504 965 546 lata
1002 504 1157 547 lamina
1195 505 1268 560 a),
1324 515 1533 559 quantum
1568 506 1677 548 cutis
1714 517 1814 547 cum
1850 502 1976 559 adipe

358 569 553 612 abstradta
598 583 620 613 a
664 570 867 614 musculis
914 570 1060 624 distat,
1113 571 1351 614 admodum
1403 571 1570 625 tenuis,
1626 568 1977 627 perpendiculari

355 635 570 690 positione
608 635 658 677 ab
680 637 805 692 adipe
835 636 886 678 ad
922 635 1138 678 musculos
1177 636 1345 691 transit,
1380 649 1436 677 ex
1457 635 1685 688 cellulosa,
1726 650 1808 691 qua
1844 634 1975 690 adeps

358 713 459 743 cum
495 700 698 744 musculis
735 701 1039 758 coniungitur,
1076 701 1273 745 formata.
1343 701 1491 755 Haec,
1527 710 1575 743 vt
1611 700 1751 743 omnis
1791 700 1978 742 cellulo·

357 764 422 820 sa,
458 767 487 808 fi
524 767 815 822 microscopio
852 768 1153 823 perlustratur,
1210 767 1416 809 continua
1451 776 1495 808 et
1530 766 1716 821 aequalis
1753 764 1977 808 substantIa

356 843 545 887 apparet.
613 832 771 887 Neque
809 833 989 874 lineolas
1027 832 1148 885 illas,
1197 842 1270 874 aut
1306 832 1544 885 quidquam
1583 831 1786 884 distineri,
1839 830 1882 870 in
1927 842 1978 872 ea

354 898 529 951 inueni,
567 910 708 951 neque
745 896 896 940 vmbra
930 910 1171 959 potorum,
1208 897 1369 940 nedum
1408 895 1642 952 cellarum,
1691 905 1762 938 aut
1796 894 1980 938 lamina-

359 976 481 1016 rum,
518 962 728 1017 apparuit.

551 1058 775 1099 Nimirum
813 1059 1016 1101 cellulosa
1052 1062 1301 1113 substantia,
1346 1075 1430 1115 qua
1468 1060 1597 1116 adeps
1635 1073 1734 1103 cum
1773 1057 1973 1101 musculis

360 1119 555 1162 subieffis
593 1123 941 1176 conglutinatur,
994 1137 1192 1178 quaeque
1230 1125 1380 1166 eadem
1416 1124 1539 1164 ssmul
1578 1123 1795 1165 musculos
1833 1125 1980 1164 inues-

355 1186 432 1236 tit,
469 1184 638 1227 stratum
674 1186 748 1226 fibi
784 1188 948 1228 remissa
984 1189 1162 1228 alicuius
1201 1189 1418 1240 crassitiei,
1471 1201 1599 1243 quam
1636 1188 1793 1228 lineam
1832 1197 1974 1229 tamen

357 1262 445 1290 nou
483 1260 589 1302 puto
628 1250 851 1304 superare,
887 1250 1031 1291 efficit.
1105 1252 1225 1292 Haec
1263 1253 1482 1292 substantia
1520 1252 1756 1291 semifluida
1792 1260 1835 1291 et
1871 1252 1977 1292 duc-

355 1315 441 1356 tilis
480 1327 501 1355 a
538 1314 741 1356 lateribus
778 1316 830 1356 ad
869 1316 1054 1356 mediam
1093 1327 1258 1369 partem
1294 1316 1404 1357 inter
1439 1315 1611 1368 adipem
1649 1324 1692 1355 et
1728 1314 1974 1369 musculos,

355 1380 459 1421 dum
504 1379 575 1421 illa
622 1392 721 1422 cum
767 1389 864 1422 cute
901 1380 952 1422 ab
990 1381 1056 1420 his
1101 1380 1354 1434 abducitur,
1408 1380 1447 1421 se
1494 1380 1697 1433 retrahit,
1751 1380 1793 1420 in
1837 1392 1974 1435 eaque

355 1455 530 1486 tenuem
567 1445 712 1498 illam,
750 1457 878 1499 quarn
917 1445 1032 1497 dixi,
1074 1447 1275 1488 laminam
1313 1445 1386 1501 h),
1423 1447 1525 1487 dum
1564 1445 1836 1497 extenditur,
1872 1457 1976 1500 pro·

355 1509 500 1563 ducit,
536 1524 590 1552 eo
628 1511 805 1566 quidem
842 1510 1067 1563 latiorem,
1107 1525 1193 1566 quo
1230 1513 1366 1567 magis
1403 1510 1665 1553 extenditur.
1734 1510 1838 1553 Non
1877 1523 1975 1552 om-

354 1577 419 1616 nis
475 1586 617 1617 tamen
664 1576 848 1617 omnino
899 1576 1121 1619 substantia
1165 1577 1370 1618 cellulosa
1415 1590 1438 1618 a
1481 1575 1683 1617 musculis
1735 1576 1974 1630 vtrinque,

355 1640 460 1681 dum
496 1641 641 1681 versus
680 1640 864 1682 mediam
901 1651 1068 1694 partem
1107 1643 1146 1682 se
1183 1642 1386 1693 retrahit,
1442 1640 1690 1688 abducitur3
1749 1641 1850 1695 quin
1896 1640 1975 1682 ali-

358 1717 440 1758 qua
476 1704 564 1745 eius
602 1705 746 1758 portio
785 1713 950 1745 tantum
987 1706 1038 1746 ad
1075 1705 1275 1747 laminam
1312 1705 1583 1748 efficiendam
1622 1700 1867 1757 concurrit,
1903 1718 1974 1746 re-

355 1769 474 1823 liqua
517 1768 622 1810 illita
669 1768 869 1811 musculis
916 1780 1084 1822 manet,
1133 1783 1260 1826 quam
1305 1781 1351 1812 vt
1394 1769 1524 1813 fibrae
1570 1770 1751 1812 musculi
1799 1770 1978 1811 distinc-

357 1834 439 1874 tius
478 1845 732 1888 appareant,
785 1834 926 1877 cultro
970 1834 1142 1877 seorfim
1188 1850 1210 1878 a
1256 1836 1458 1879 musculis
1502 1835 1669 1879 soluere
1705 1836 1758 1891 §et
1798 1836 1969 1878 auferre

357 1908 547 1954 oportet.

552 1996 681 2038 Haud
718 2010 859 2039 rarum
896 1997 953 2039 est
987 1998 1134 2040 videre
1171 1997 1325 2041 ssmiles
1364 1999 1541 2041 laminas
1585 1999 1688 2041 latas
1726 1998 1838 2041 inter
1872 2010 1972 2039 mu·

354 2061 495 2104 sculos
533 2061 721 2119 aliasque
759 2073 925 2119 partes,
960 2064 1194 2120 copiosiori
1231 2065 1434 2107 cellulosa
1470 2065 1733 2107 coniune‘tas.
1795 2064 1841 2108 Si
1877 2064 1963 2104 duo

1801 2127 1967 2171 muscu-

405 2269 445 2305 α)
472 2266 562 2302 Tab.
590 2272 645 2305 cit.
676 2269 735 2318 fig.
763 2283 787 2307 1.
818 2272 850 2307 h.

404 2330 444 2371 h)
475 2329 539 2375 fig.
572 2341 599 2365 1.
627 2332 661 2366 h.
