2080 2682
894 117 1046 143 ==
1080 99 1249 155 (354)

368 219 524 271 batur,
577 227 618 258 et
664 216 817 270 partim
861 216 904 256 in
950 217 1058 258 hanc
1104 218 1401 271 superiorem,
1458 215 1609 270 partim
1656 214 1699 256 in
1744 217 1966 271 mediam,

367 285 483 325 striae
530 291 693 336 partem
738 281 943 321 secundus
989 283 1099 322 ordo
1144 282 1344 322 fibrarum
1389 281 1430 320 iu
1469 282 1546 331 iis,
1599 294 1705 334 quae
1749 283 1856 335 pic‘ta
1893 285 1967 325 ha-

367 350 474 398 beo,
530 347 730 387 cordibus
779 347 955 386 insertus
1005 347 1093 386 fuit.
1183 347 1250 388 Sic
1305 347 1469 387 mediae
1525 346 1653 400 partis
1708 341 1966 389 anteriorem

364 413 612 468 portionem
645 420 687 451 et
722 411 907 463 aliquam
945 413 1102 464 pariter
1137 412 1386 464 portionem
1422 411 1550 464 partis
1588 411 1811 452 anterioris
1851 411 1966 453 striae

363 478 514 519 tertius
552 478 662 518 ordo
698 476 740 515 in
778 476 973 530 plurimis
1013 475 1216 515 cordibus
1255 476 1415 526 tenuit,
1467 486 1509 515 et
1546 485 1717 530 quartus
1755 477 1865 517 ordo
1902 476 1969 517 his

364 543 536 597 paucis,
573 555 680 597 quae
717 541 768 582 ad
806 541 942 581 striam
980 550 1287 594 peruenerant,
1323 539 1440 580 fibris
1465 540 1672 593 reliquam
1711 541 1836 582 huius
1873 555 1970 595 par·

365 609 416 649 tis
443 608 666 649 anterioris
698 606 812 647 striae
851 606 1098 660 portionem
1136 605 1379 658 occupauit.
1448 605 1685 645 Maximam
1722 606 1838 648 enim
1875 618 1970 661 par-

365 681 449 714 tem
488 671 561 714 sub
598 673 771 714 tertium
809 672 840 712 is
882 680 1053 726 quartus
1089 671 1198 711 ordo
1236 669 1471 711 constanter
1509 669 1548 711 se
1583 669 1749 724 recipit.

692 802 804 845 Ordo
836 805 990 857 primus
1022 801 1224 854 fibrarum
1259 804 1299 845 in
1320 803 1454 858 strato
1479 797 1666 854 fi’cundo.

818 877 939 934 (Tab.
978 879 1052 920 IX.
1088 878 1115 920 I.
1153 892 1203 920 m.
1238 892 1277 920 n.
1313 891 1345 920 0.
1385 893 1418 920 c.
1451 877 1518 932 1.).

554 983 675 1039 Ergo
712 998 733 1026 a
770 982 845 1026 filo
892 985 1166 1039 cartilagineo
1212 985 1434 1039 posteriori
1484 983 1644 1027 sinistro
1690 992 1734 1026 et
1776 998 1798 1026 a
1844 982 1971 1025 dimi-

360 1050 434 1091 dio
471 1049 694 1091 interstitio
731 1052 840 1089 inter
877 1049 973 1090 bina
1010 1049 1079 1090 fila
1122 1051 1275 1090 sinistra
1312 1054 1358 1101 a)
1413 1050 1575 1104 primus
1613 1051 1723 1091 ordo
1766 1049 1970 1090 fibrarum

359 1116 510 1155 oritur.
598 1112 701 1156 Sola
744 1124 792 1153 ea
836 1126 928 1166 pars
974 1113 1061 1164 fili,
1117 1127 1197 1166 qua
1235 1126 1290 1153 ex
1334 1123 1487 1153 trunco
1533 1115 1708 1153 filorum
1754 1115 1971 1166 originem

360 1179 504 1229 ducit,
560 1189 688 1229 quam
733 1175 808 1215 suo
854 1187 950 1216 ortu
998 1178 1220 1216 fascienlus
1267 1177 1382 1217 striae
1420 1188 1630 1229 occupat,
1683 1187 1862 1230 excepta
1899 1176 1969 1215 est.

358 1240 404 1296 b)
442 1240 623 1293 Reliqua
663 1250 750 1280 tota
787 1240 927 1280 ordini
966 1239 1080 1280 ortui
1124 1239 1314 1279 inseruit.
1405 1240 1464 1280 At
1499 1241 1615 1280 striae
1651 1254 1756 1279 vero
1796 1240 1972 1281 fascicu-

358 1308 423 1348 lus
462 1307 686 1348 latitudine
723 1314 764 1345 et
803 1304 1095 1359 magnitudine
1140 1303 1183 1344 in
1220 1303 1345 1344 variis
1384 1303 1587 1344 cordibus
1624 1303 1782 1354 variat,
1835 1303 1973 1344 maio-

359 1386 538 1425 remque
584 1372 625 1412 in
673 1370 765 1412 aliis
812 1370 871 1411 fili
918 1379 1080 1424 partem
1128 1377 1336 1423 occupat,
1390 1368 1432 1408 in
1480 1368 1598 1421 aliis,
1649 1368 1846 1409 velutin
1885 1368 1972 1409 hoc

362 1439 523 1488 corde,
577 1437 808 1477 minorem.
898 1434 1084 1475 Proinde
1122 1443 1164 1474 et
1208 1435 1319 1475 ordo
1362 1433 1563 1475 fibrarum
1602 1447 1622 1474 a
1660 1433 1812 1474 maiori
1859 1445 1972 1474 nunc

365 1503 422 1545 fili
462 1512 604 1556 parte,
656 1513 767 1541 nunc
805 1514 826 1542 a
864 1500 1046 1552 minori,
1098 1499 1249 1540 oritur.
1319 1497 1388 1540 Sic
1426 1510 1544 1540 ortus
1582 1497 1727 1550 fibris,
1780 1497 1892 1552 quasi
1928 1498 1971 1538 in

365 1569 587 1609 fasciculos
627 1565 817 1608 comestis
856 1566 897 1618 c)
951 1564 1166 1606 crassiores
1203 1563 1493 1619 latioresque,
1535 1577 1583 1605 ea
1620 1563 1853 1604 direffione
1892 1563 1973 1603 ob-

366 1634 482 1685 lique
520 1632 661 1672 versus
708 1631 964 1684 postremam
1011 1640 1173 1683 partem
1220 1628 1363 1680 striae,
1420 1641 1545 1683 quam
1594 1628 1815 1669 fasciculus
1854 1627 1971 1669 striae

367 1707 574 1750 occupat,
627 1697 682 1747 d)
739 1695 1039 1747 progreditur,
1093 1704 1139 1733 vt
1182 1694 1321 1733 multo
1368 1694 1547 1748 propior
1604 1692 1650 1732 fit
1704 1692 1972 1734 transuersali

369 1775 494 1815 quam
532 1760 833 1813 longitudinali
872 1759 1028 1800 duc‘iui.
1098 1758 1313 1812 Imprimis
1353 1759 1423 1799 vbi
1460 1771 1515 1799 ex
1551 1757 1626 1798 filo
1655 1758 1852 1798 oriuntur
1889 1759 1973 1798 fas-

370 1827 496 1868 ciculi
540 1826 648 1866 adeo
696 1824 961 1865 rransuersim
1010 1824 1107 1863 ferri
1153 1823 1388 1877 incipiunt,
1443 1832 1488 1864 vt
1524 1823 1611 1863 sere
1657 1822 1858 1875 prallclae
1895 1823 1972 1863 fint

370 1892 474 1944 filo,
511 1891 764 1946 angulisque
801 1903 856 1931 ex
885 1903 938 1930 co
967 1890 1158 1930 oriantur
1193 1888 1446 1930 acutiffimis.
1485 1888 1524 1942 e)
1596 1886 1766 1931 Deinde
1804 1889 1845 1929 in
1884 1900 1973 1928 mc-

1901 1954 1974 1994 dio

377 2042 1977 2073 &m

420 2106 456 2139 α)
487 2097 572 2131 Tab.
601 2098 657 2131 ix.
687 2095 706 2130 Ι.
735 2110 769 2131 m
811 2109 843 2131 n.

418 2148 447 2187 b.
482 2148 568 2182 Tab.
598 2147 654 2182 IX.
683 2160 710 2180 a.
740 2146 762 2186 Ι.

415 2202 453 2241 c)
484 2199 571 2236 Tab.
599 2200 653 2232 lx.
681 2211 728 2233 m.

419 2251 463 2286 d=¹
492 2250 578 2286 Tab.
606 2250 662 2282 IX.
689 2247 713 2283 l.
741 2263 768 2287 c.

418 2305 454 2345 ι)
481 2301 566 2338 Tab.
597 2301 655 2334 lx.
682 2312 730 2337 m.
755 2315 790 2338 n.
